2932 5054
744 371 894 461 —10—

232 562 365 615 mortuus
387 575 420 615 eo
439 557 609 633 cognomine
625 556 787 626 artaretur,
809 556 860 614 ille
876 560 969 614 artem
984 555 1161 615 rhetoricam
1176 557 1313 616 defuncto
1323 577 1413 632 prae-

233 661 349 734 ceptore
371 659 573 734 composuerit.

317 761 422 837 ltaque
433 762 558 836 Apsines
578 762 616 819 ad
635 761 762 820 doctoris
773 762 937 837 exemplum
954 761 1052 820 omnia
1073 762 1171 821 stridia
1188 778 1240 820 sua
1249 762 1412 827 referebat.

232 861 291 932 Qui
312 881 375 920 cum
399 881 457 921 non
479 863 628 940 ignoraret
649 867 743 922 artem
764 864 940 924 rhetoricam
961 884 1019 923 uon
1040 883 1124 940 posse
1146 865 1281 940 cognosci
1303 867 1413 928 nisiex

129 950 133 955 ¹
231 965 398 1024 imitatione
426 969 513 1043 atque
542 967 639 1025 studio
661 967 878 1039 Demosthenis,
902 968 1059 1042 —ipsum
1088 968 1208 1043 quidem
1239 970 1277 1027 ad
1300 971 1412 1032 Demo·

231 1068 341 1127 athenis
362 1069 508 1127 orationes
531 1069 754 1129 commentarios
776 1071 878 1130 fecisse
898 1070 1091 1145 comperimus
1110 1089 1145 1129 ex
1162 1072 1251 1131 schol.
1264 1074 1410 1152 Hermog.

232 1164 277 1239 εἷς
306 1165 347 1232 ld.
375 1189 448 1248 τομ.
476 1163 496 1228 ά
527 1170 867 1249 (VII.878.14W.):
902 1165 947 1240 εἰς
975 1165 1050 1240 τούς
1080 1166 1411 1256 ὐπομνηματίσαντας

231 1276 295 1335 τῶν
307 1274 564 1357 Δημοσθενικῶν
580 1266 686 1351 ’λόγων
709 1267 812 1345 ἐνίοις
833 1271 1037 1335 ἀποτείνεται
1058 1274 1111 1337 καὶ
1133 1270 1410 1359 verumtamen

231 1377 369 1459 θεωρίας
399 1369 644 1458 φιλοτιμότερον
680 1370 990 1459 ἕπεξεργασαμένονς
1018 1373 1252 1442 Βοσιλοκόν
1280 1398 1315 1441 τε
1353 1380 1411 1445 καὶ

232 1475 367 1564 Ζήνωνα
388 1478 442 1542 καὶ
463 1473 538 1549 τούς
559 1474 687 1559 ὁμοίους
712 1515 763 1557 -,
792 1481 1003 1541 adolescentem
1035 1484 1152 1560 egregio
1181 1483 1298 1560 ingenio
1320 1503 1409 1560 prae-

231 1585 336 1655 ditum,
359 1589 393 1644 ut
413 1585 475 1644 eius
497 1585 642 1644 orationes
663 1584 819 1661 diligenter
839 1587 984 1644 tractaret
1004 1587 1093 1661 atque
1115 1585 1259 1663 quidquid
1280 1587 1328 1645 vel
1346 1606 1410 1646 me-

231 1689 325 1751 moria
345 1689 394 1748 vel
415 1689 657 1748 commentatione
680 1689 802 1765 dignum
824 1689 906 1759 esset,
929 1687 1056 1748 studiose
1077 1692 1320 1763 perscrutaretur,
1353 1691 1409 1749 ad-

231 1793 346 1852 monuit
366 1796 455 1870 atque
475 1793 623 1852 excitavit.
662 1793 765 1868 Neque
787 1789 909 1849 dubium
930 1797 983 1863 est,
1007 1791 1078 1867 quin
1099 1811 1133 1850 ex
1153 1792 1200 1851 his
1221 1791 1410 1853 exercitatio-

230 1895 317 1954 nibus
338 1895 457 1954 fluxerit
478 1895 529 1954 ille
552 1893 791 1967 commentarius,
822 1893 901 1952 unde
922 1894 1084 1954 translatae
1105 1898 1172 1954 sunt
1193 1896 1304 1954 multae
1325 1896 1409 1970 libri,

232 1998 282 2073 qui
296 2001 340 2058 est
355 2000 391 2058 de
405 1998 590 2058 institutione
612 1997 748 2071 oratoria,
771 1996 1019 2071 interpolationes.
1064 1997 1181 2068 Quanta
1198 2000 1298 2057 autem
1314 1998 1411 2059 fuerit

231 2101 406 2160 auctoritate
427 2101 566 2178 magister
587 2100 723 2172 auditori,
746 2100 885 2160 facillime
906 2100 1089 2178 intellegitur
1106 2118 1139 2158 ex
1156 2100 1252 2159 titulis
1263 2100 1410 2161 librorum

233 2204 450 2279 deperditarum
466 2204 585 2277 (Suidas
603 2223 625 2263 s.
643 2225 671 2264 v.
684 2205 748 2281 B.):
773 2197 925 2285 (ἔγραψε)
947 2201 1109 2284 περὶτῶν
1132 2197 1184 2263 dcci
1205 2204 1268 2262 τῶν
1289 2198 1410 2274 λέξεων

232 2300 411 2388 σχημάτων,
434 2303 511 2386 περὶ
532 2301 699 2389 ῥητορικῆς
720 2307 922 2389 παρασκευῆς
942 2302 1014 2390 ἤτοι
1035 2303 1113 2386 περὶ
1132 2297 1410 2389 contremeret

230 2401 479 2492 μεταποιησεως,
503 2405 556 2469 καὶ
578 2404 657 2470 ἄλλα
673 2402 754 2470 τινά.
792 2410 853 2480 Quo
875 2410 1001 2470 enimin
1019 2428 1123 2487 genere
1142 2414 1274 2470 versatus
1292 2415 1336 2470 est
1349 2413 1410 2471 Ba-

231 2516 337 2585 silicus‚
360 2517 399 2575 ad
416 2515 494 2573 idem
510 2514 652 2590 Apsinem
673 2513 836 2573 incubuisse
857 2515 1028 2590 reperimus.
1072 2518 1177 2592 Itaque
1192 2516 1275 2589 (Aps.
1293 2534 1322 2590 p.
1334 2519 1407 2577 331.

234 2621 272 2680 10
295 2619 360 2695 Sp.)
381 2618 467 2693 plane
488 2635 519 2675 se
541 2615 701 2691 applicavit
722 2617 760 2675 ad
782 2616 918 2693 magistri
939 2618 1120 2694 eloquentiae
1151 2617 1314 2689 rationem,
1347 2638 1409 2694 qua

231 2721 387 2795 explanata
408 2724 471 2779 tum
495 2720 622 2792 demum,
646 2736 718 2795 quae
739 2720 800 2794 ipse
821 2721 1000 2794 profecisset,
1024 2721 1184 2796 proposuit.

315 2824 472 2900 Postquam
495 2823 587 2899 igitur
609 2823 681 2881 duce
702 2821 881 2882 nobilissimo
909 2823 973 2882 viro
1003 2828 1130 2885 mentem
1161 2823 1302 2895 excoluit,
1337 2843 1408 2885 cum

229 2927 391 3001 imperante
413 2925 606 3002 Heliogabalo
628 2925 744 3000 ejusque
766 2926 936 2985 consobrino
959 2926 1127 2986 Alexandro
1150 2927 1258 2986 Severe
1279 2925 1407 2986 Asiatici

229 3028 359 3088 homines
380 3029 446 3103 plus
467 3028 523 3088 sibi
545 3027 731 3087 auctoritatis
760 3027 792 3085 in
820 3028 970 3104 republica
1000 3029 1196 3104 susciperent,
1228 3030 1408 3106 demigravit

229 3132 330 3190 rhetor
351 3131 498 3203 Athenas,
532 3134 565 3190 ut
585 3131 617 3189 in
639 3149 673 3189 ea
694 3130 760 3188 sede
782 3149 848 3190 cum
870 3130 981 3191 artium
1004 3149 1037 3189 ac
1065 3131 1220 3191 literarum
1249 3134 1314 3191 tum
1345 3133 1405 3192 elo·
1454 3180 1456 3185 .

231 3233 367 3309 quentiae
388 3234 591 3308 sophisticam,
614 3237 649 3294 ut
669 3237 734 3294 tum
758 3233 907 3306 dicebant,
935 3236 1029 3292 artem
1050 3234 1247 3309 profiteretur.
1291 3234 1338 3292 lbi
1362 3236 1406 3294 fa·

230 3336 425 3395 miliarissime
460 3337 598 3398 utebatur
626 3336 652 3398 Ι.
682 3336 786 3396 Flavio
813 3335 993 3396 Philostrato
1020 3335 1087 3406 illo,
1120 3335 1171 3411 qui
1194 3337 1277 3396 Vitas
1299 3337 1405 3412 Sophi-

230 3443 341 3500 starum
372 3438 542 3514 composuit.
587 3441 673 3500 Falso
703 3439 808 3499 Suidas
838 3438 873 3512 (s.
896 3458 924 3499 v.
949 3429 1115 3518 Φρόντων)
1146 3437 1274 3513 primum
1303 3439 1372 3498 Phil
1393 3473 1407 3485 -
1449 3514 1452 3519 Ι

230 3544 356 3600 stratum
377 3540 489 3602 laudat.
532 3541 610 3601 Nam
631 3544 680 3602 hie
701 3543 752 3602 illo
773 3546 914 3616 temporo,
937 3561 994 3617 quo
1016 3540 1139 3615 Apsines
1162 3539 1287 3600 Athenis
1308 3545 1407 3601 artem

230 3644 405 3704 rhetoricam
426 3645 627 3719 profitebatur,
651 3634 756 3722 magn'o
778 3647 851 3704 natu
871 3645 938 3716 fuit,
961 3644 1027 3716 nisi,
1051 3661 1116 3702 cum
1131 3642 1256 3718 Apsines
1274 3644 1409 3706 Athenas

230 3747 388 3818 transiret,
421 3747 538 3806 omnino
568 3766 636 3806 eum
665 3749 729 3808 vita
757 3748 815 3808 iam
838 3748 990 3808 decessisse
1012 3750 1161 3822 putamus.
1207 3747 1319 3807 Deinde
1341 3749 1409 3809 fieri

229 3871 288 3910 non
310 3855 436 3927 poterat,
458 3855 492 3911 ut
508 3852 638 3911 Phronto
651 3852 807 3911 Emesenus
828 3852 959 3912 aemulus
980 3853 1055 3910 esset
1075 3849 1155 3909 illius
1176 3849 1313 3921 rhetoris,
1338 3870 1405 3911 cum
1451 3932 1455 3937 Ι

231 3953 336 4015 Suidas
353 3955 550 4014 Phrontonem
571 3954 733 4030 imperante
754 3953 895 4029 Septimio
911 3953 1018 4012 Severo
1034 3958 1137 4014 natum
1150 3972 1219 4024 esse,
1242 3954 1406 4040 Philostra-
1442 4028 1445 4033 Ι

230 4061 293 4117 tum
323 4058 451 4133 primum
480 4058 539 4116 iam
561 4059 676 4116 Nerone
707 4058 869 4132 imperante
899 4055 988 4115 fuisse
1010 4058 1120 4116 tradat.
1165 4057 1211 4115 Ne
1233 4056 1264 4115 id
1286 4057 1407 4132 quidem

230 4165 325 4238 recte3
347 4180 416 4219 nam
437 4161 461 4220 is
483 4161 646 4235 imperante
662 4160 804 4235 Septimio
817 4160 923 4219 Severo
945 4159 1076 4217 nondum
1097 4157 1162 4217 vita
1185 4155 1406 4236 decesserat.²⁵)

229 4263 414 4339 Itaqueiam
436 4263 675 4324 Hemsterhusius
706 4263 843 4322 coniecit:
877 4253 1284 4340 Φρόντων-ἀντεποίδενσε
1307 4259 1406 4323 Φιλο-

1420 4558 1456 4637 ι
