3000 5108
1101 184 1109 201 .
1209 29 1498 227 -Π,

573 672 595 717 -.
753 643 904 732 ,εε-

243 827 300 886 τοῦ
322 823 490 887 Φιλίππου
511 824 676 906 πεμφθεὶς
707 821 788 905 πρός
809 822 1065 908 Κερσοβλέπτην.
1110 825 1245 884 Aeschini
1275 843 1320 883 res
1350 843 1409 882 non

243 931 306 985 erat
334 947 398 986 oum
422 927 622 1002 Cersoblepte3
655 930 833 989 frumentum
855 933 954 990 autem
976 951 1040 989 eum
1062 947 1080 986 u
1108 927 1243 1002 Philippo
1265 927 1408 1001 accepisse

243 1048 395 1106 cognoscas
417 1031 565 1092 Demosth.
588 1032 650 1092 fals.
674 1032 730 1108 leg.
748 1052 776 1106 p.
792 1034 850 1092 386
871 1034 904 1092 R.
918 1028 975 1106 56);
998 1025 1036 1090 τοὶ
1057 1025 1117 1108 μέν
1138 1025 1217 1089 ἄλλα
1240 1030 1351 1090 σιωπῶ
1368 1063 1409 1072 -

244 1123 356 1207 οἰκίαις,
388 1124 477 1206 ξύλα,
500 1125 631 1211 πνροός.
675 1137 778 1210 Itaque
805 1136 926 1194 fortasse
948 1154 1054 1194 nomen
1076 1134 1269 1209 Oersobleptis
1291 1136 1409 1192 enatum

242 1238 285 1293 est
308 1254 341 1293 ex
364 1235 442 1292 docti
464 1235 522 1293 viri
543 1237 647 1312 glossa,
672 1255 730 1311 qua
751 1231 857 1316 αὐτόν,
882 1239 960 1315 quod
981 1241 1173 1312 exspectatur,
1195 1254 1332 1311 oppressu
1353 1237 1407 1295 est.

325 1357 354 1412 p.
378 1339 448 1397 344.
464 1341 501 1398 25
525 1341 620 1412 (21.8
644 1335 811 1414 B):”Eovc
833 1336 886 1400 καὶ
907 1341 1035 1401 τοιοῦτο
1058 1340 1144 1416 γένος
1165 1331 1409 1423 προβλημάτων,

243 1432 276 1499 έν
294 1425 339 1508 οἷς
360 1437 462 1500 δοκῶν
478 1458 524 1507 τις
545 1428 580 1500 εὖ
602 1443 710 1501 ποιεῖν
732 1435 887 1504 ὑπόνοιαν
910 1437 975 1518 ἔχει
997 1437 1037 1512 ῶς
1048 1437 1128 1520 μετδ
1145 1435 1315 1523 ἐπιβουλῆς
1329 1434 1410 1502 αι’τδ

241 1545 353 1605 ποιῶν.
391 1545 580 1603 Scribendum
601 1543 741 1625 παρέχει,
765 1546 800 1607 of.
824 1566 853 1620 p.
867 1549 937 1608 345.
954 1551 986 1609 3:
1010 1543 1063 1607 καλ
1084 1537 1180 1616 δόξαν
1198 1544 1345 1624 παρέχων
1368 1538 1410 1612 ῶς

243 1636 279 1707 εὖ
299 1649 411 1707 ποιῶν.
456 1647 556 1706 Simile
577 1648 706 1707 videmus
727 1669 757 1723 p.
780 1651 851 1710 362.
877 1652 911 1709 7;
934 1644 1054 1718 πολλοῖς
1075 1649 1256 1730 παρέχομεν
1278 1643 1333 1716 τοῖς
1353 1639 1409 1708 λό-

243 1767 318 1826 σεις,
339 1751 391 1809 ubi
412 1768 509 1809 omnes
530 1750 642 1808 codices
662 1754 778 1825 praeter
799 1752 963 1810 Parisinum
984 1755 1012 1812 A
1035 1755 1171 1813 exhibent
1192 1746 1316 1830 ἔχομεν.

326 1873 354 1927 p.
380 1855 449 1913 347.
464 1854 502 1912 28
526 1854 620 1928 (26.2
643 1852 695 1925 Β);
723 1846 766 1912 Te
787 1849 845 1934 γδρ
866 1838 953 1923 ece?
963 1859 1147 1939 στρατηγεῖν
1169 1849 1225 1933 ὑφ’
1246 1846 1334 1937 ημῶν
1357 1869 1411 1912 κε-

241 1953 521 2036 χειροτονημένους
549 1947 687 2030 πάσχειν
716 1950 782 2015 δπδ
811 1947 927 2017 τοότοο
949 1960 1066 2037 κακῶς,
1095 1961 1151 2042 της
1179 1950 1318 2034 πόλεως,
1351 1952 1410 2017 οόκ

242 2053 324 2119 ἴδιον
345 2059 403 2118 τοῦ
425 2059 601 2140 στρατηγοῦ
625 2051 662 2117 τδ
690 2054 825 2140 α’δίκημα
852 2059 971 2139 νομίζω
999 2059 1240 2144 καθεστηκέναι.
1283 2061 1409 2121 ΙοοΙαδο

241 2164 299 2223 τοῦ
321 2163 506 2243 στρατηγοῦ,
529 2181 597 2221 nam
618 2162 672 2221 hoe
693 2162 756 2220 loco
778 2162 813 2220 dc
834 2164 1008 2237 imperatore
1030 2184 1096 2223 cum
1117 2164 1228 2235 roseit,
1251 2163 1411 2223 illaverbo

241 2265 409 2336 abundant3
440 2265 521 2335 adde,
551 2265 627 2338 quod
650 2265 805 2324 deteriores
828 2267 938 2325 codices
960 2268 1095 2343 exhibent
1117 2261 1234 2345 νομίζω
1255 2268 1313 2328 τοῦ
1335 2280 1409 2344 στρ.

242 2363 290 2428 άδ.
313 2367 390 2429 καθ.

325 2490 353 2545 p.
378 2472 448 2531 349.
474 2471 510 2529 12
534 2469 595 2542 (28.
621 2473 639 2530 8
662 2470 715 2545 B):
739 2465 802 2530 Δια
823 2470 918 2532 τοῦτο
940 2473 1016 2547 γοῦν
1039 2469 1092 2532 καὶ
1114 2461 1235 2539 πάντας
1257 2461 1409 2552 κατεστή-

224 2590 328 2651 σατε,
351 2568 391 2641 ῶς
412 2568 451 2634 δν
469 2573 579 2654 μέτρια
601 2566 659 2654 εἴη.
693 2574 769 2644 Quid
784 2576 837 2634 hoc
858 2575 921 2634 loco
944 2575 999 2635 sibi
1020 2574 1091 2645 velit
1112 2565 1234 2641 πάντας
1255 2574 1409 2653 καταστῆ-

242 2692 306 2752 σαι,
328 2696 386 2734 non
409 2677 561 2752 intelleg03
584 2695 676 2752 neque
697 2678 791 2753 magis
813 2678 955 2752 probatur
976 2678 1062 2736 lectio
1084 2676 1216 2736 codicum
1237 2675 1272 2735 ol.
1296 2676 1326 2734 H
1348 2692 1409 2732 πο-

240 2775 327 2848 λίτας
349 2784 399 2839 aut
421 2781 507 2840 Bakii
529 2781 695 2839 coniectura
716 2772 837 2847 πάντας
857 2775 997 2848 πολίτας.
1042 2780 1146 2855 Itaque
1176 2776 1304 2852 suspicor
1336 2777 1409 2835 scri-

240 2884 369 2941 bendum
391 2900 451 2943 esse
472 2877 637 2943 πολιτείαν
660 2887 689 2941 et
710 2884 787 2957 apud
809 2883 996 2960 Spengelium
1017 2880 1129 2963 μετρία
1156 2885 1186 2941 et
1212 2879 1409 2953 interpretan-

241 2988 326 3045 dum:
357 2989 455 3045 orator
476 2988 542 3046 vult
563 2987 642 3061 opud
664 2986 904 3045 Lacedaemonios
926 2986 1030 3056 dicere,
1062 3002 1109 3042 eos
1130 2966 1319 3058 tyrannidem
1341 2999 1408 3039 con·

238 3089 377 3163 stituisse‚
401 3093 435 3148 ut
456 3107 502 3148 res
523 3089 554 3146 in
574 3089 721 3165 integrum
742 3089 973 3159 restituerentur,
995 3089 1117 3162 ideoque
1132 3105 1178 3146 eos
1198 3084 1348 3146 civitatem
1361 3085 1410 3142 vel

238 3192 376 3250 instituto
398 3190 496 3250 civih'e
517 3191 685 3260 decrevisse,
708 3194 741 3249 ut
760 3208 851 3267 acqua
870 3196 972 3252 essent.
1013 3190 1132 3249 constet
1154 3188 1270 3264 quidem
1282 3186 1409 3245 Athenis

239 3295 330 3368 ceptis
358 3294 436 3352 uiros
457 3312 475 3351 a
497 3293 731 3352 Lacedaemoniis
753 3293 878 3353 delectos
901 3313 972 3365 esse,
1006 3292 1056 3368 qui
1084 3291 1161 3369 leges
1192 3290 1352 3350 seriberent
1375 3294 1405 3349 et
1482 3286 1486 3295 '

238 3396 447 3470 rempublicam
469 3396 694 3466 constituerent;
719 3397 754 3457 cf.
778 3397 909 3472 Xenoph.
932 3398 1002 3458 hist.
1015 3398 1066 3456 Gr.
1081 3393 1121 3454 Π.
1136 3396 1164 3455 3.
1177 3395 1204 3464 l,
1227 3392 1299 3452 ibid.
1317 3394 1333 3465 ᾖ
1355 3394 1408 3453 13:

239 3493 287 3578 (οἱ
308 3492 490 3580 τριάκοντα)
513 3491 645 3558 ἔπεισαν
668 3492 880 3579 Λύσανδρον,
911 3491 1070 3581 μροοροιλς
1099 3493 1194 3572 σφίσι
1222 3492 1407 3573 συμπρᾶξαι

239 3594 364 3679 iibere,
398 3594 453 3668 ἕως
474 3595 513 3682 δη
541 3595 615 3668 τούς
645 3597 806 3684 πονηροδς
837 3593 982 3663 έκποδῶν
1013 3594 1226 3684 ποιησάμενοι
1253 3593 1408 3683 καταστή-

239 3715 350 3763 σαιντο
372 3696 430 3784 την
454 3698 628 3765 πολιτείαν.

175 3876 178 3883 ,
323 3827 353 3882 p.
377 3808 447 3867 354.
473 3810 489 3867 7
513 3809 608 3881 (35.9
631 3808 685 3883 B):
709 3799 819 3867 Ὅπου
841 3801 881 3867 δν
902 3799 1022 3886 δωρεάν
1045 3802 1066 3889 η’“
1087 3802 1180 3868 αὐτοὶ
1201 3799 1354 3884 αἰτῶμεν,
1384 3802 1407 3889 ἢ

171 3892 174 3897 ’
239 3905 324 3990 ἄλλην
352 3901 523 3991 γράψωμεν
545 3907 622 3985 μέγα
641 3929 672 3968 τι
700 3909 967 3991 κατειργασμένῳ,
997 3902 1131 3990 ἁρμόσει
1159 3908 1340 3992 διηγεῖσθαι
1368 3903 1408 3969 τοὶ

239 4010 455 4090 πεπραγμένα.
499 4003 679 4091 Γράψωμεν
713 4014 890 4088 scripserunt
920 4017 950 4072 et
979 4014 1087 4072 Bakius
1118 4017 1147 4072 et
1177 4012 1348 4089 Spengelius
1377 4016 1408 4073 ot

240 4115 369 4173 Waluius
392 4116 432 4189 (p.
455 4117 527 4177 495.
552 4116 613 4190 20).
660 4117 716 4175 Sed
746 4135 813 4174 cum
835 4117 902 4178 Par.
925 4116 953 4173 A
975 4116 1107 4174 exhibeat
1130 4106 1309 4195 γράφομεν,
1337 4115 1409 4173 scii·

239 4220 367 4277 bendum
384 4223 459 4293 puto
481 4210 659 4297 γράφωμεν,
682 4221 716 4275 ut
737 4221 796 4278 iem
819 4221 954 4277 ‹locemur
975 4237 1044 4278 voce
1066 4211 1213 4294 αἰτῶμεν.
1476 4210 1490 4235 “

324 4342 352 4397 p.
376 4325 476 4386 355.3
501 4324 691 4396 (36.17B):
714 4314 760 4381 ‘H
777 4312 870 4388 πόλις
892 4312 1035 4402 εόδηνει,
1059 4313 1098 4388 ῶς
1119 4313 1163 4401 μη
1180 4310 1282 4399 μόνον
1301 4314 1405 4380 αὐτῶν

241 4418 324 4498 ἔχειν
347 4417 385 4483 τά
407 4416 458 4503 ἐφ’
479 4419 608 4505 ἡμέραν,
631 4417 710 4482 άλλοί
732 4420 785 4484 καλ
806 4416 951 4484 διακόσια
969 4415 1116 4498 τάλαντα,
1140 4413 1311 4505 δι’διῴκησε
1324 4418 1406 4483 Καλ-

230 4522 407 4610 λισθένης,
435 4524 758 4609 προσπεριγενέσθαι.
801 4527 983 4587 Vocabulum
1014 4520 1117 4587 αότῶν
1145 4526 1207 4584 sine
1236 4525 1322 4584 dubio
1345 4545 1409 4585 cor-
