3000 5108
1207 39 1496 201 -Ἷ

1478 366 1496 485 ι

1487 492 1494 521 ,1

798 645 834 702 12

226 824 262 888 τό
284 825 320 890 δὲ
341 827 518 911 διασυρμοῦ
550 833 657 914 σχῆμα
686 835 829 912 παρῆκεν
857 827 1037 914 'Astibos-
1066 868 1107 878 -
1137 834 1242 892 011111θὸ
1272 832 1303 889 hi
1332 832 1397 901 ¹0⁰i⁵

227 952 299 1007 quos
321 934 498 1006 enumeravi,
522 933 619 992 hausti
641 952 700 993 esse
722 935 795 992 mihi
816 935 954 994 videntur
976 955 1010 994 ex
1032 937 1149 1012 Apsinis
1172 935 1257 1005 libro,
1281 935 1398 1010 quiin·
1478 1000 1482 1011 ¹

226 1035 409 1096 scribebatur
430 1032 508 1133 περὶ
528 1026 707 1117 σχημάτων,
745 1037 788 1095 Ex
809 1037 899 1112 ipsius
919 1042 1019 1098 autern
1040 1040 1167 1099 rhetoris
1189 1041 1252 1096 arte
1272 1037 1419 1119 oratoria!

226 1139 284 1196 hue
315 1139 460 1198 referendi
481 1140 550 1197 sunt
569 1138 626 1197 lo'ei
647 1159 675 1214 p.
699 1143 759 1200 386
784 1141 936 1218 Spengel.:
967 1135 1192 1225 α’ναμνόοομεν
1215 1132 1326 1200 δὲκαὶ
1348 1131 1400 1199 διδ

226 1239 504 1316 προσωποποιίας·
523 1238 556 1300 τί
569 1236 597 1301 δ’
618 1235 707 1303 ἐστὶν
728 1236 750 1323 u‘
771 1243 1030 1322 προσωποποιία,
1054 1235 1214 1320 οἷλλαχόθι
1228 1261 1294 1302 που
1310 1239 1399 1326 δεδη-

226 1335 382 1421 λώκαμεν,
405 1344 437 1402 id
459 1345 502 1401 est
524 1342 556 1400 in
577 1344 651 1403 libro
669 1347 704 1404 de
719 1342 878 1423 figuris;³¹)
902 1367 930 1422 p.
950 1350 1021 1410 387.
1044 1351 1080 1409 4:
1103 1341 1151 1408 ἔτι
1171 1339 1399 1431 α’ναμνήσομεν

228 1439 263 1518 ἒξ
284 1438 536 1520 όποτυπιόοεως,
569 1447 641 1509 ibid.
665 1468 693 1510 v.
718 1453 772 1509 21:
805 1441 852 1509 ἔτι
882 1443 1133 1532 ἀναμιμνήσκειν
1165 1444 1254 1512 ἐστὶν
1282 1442 1318 1510 ἒκ
1344 1450 1400 1533 τῆς

227 1546 420 1632 καλουμένης
440 1541 624 1632 ἠθοποιίας.
669 1546 748 1623 Quos
770 1554 846 1612 looos
867 1553 940 1613 item
969 1554 1005 1614 ab
1027 1556 1140 1631 Apsine
1168 1555 1199 1614 in
1228 1574 1260 1614 eo
1288 1555 1396 1626 libello,

228 1672 315 1730 quem
336 1652 397 1712 dixi
418 1653 453 1710 de
474 1652 585 1731 figuris,
608 1655 750 1714 tractatos
772 1673 832 1715 esse
853 1657 1069 1730 affirmaverim,
1093 1659 1172 1734 quod
1192 1679 1222 1734 p.
1242 1660 1311 1721 387.
1335 1659 1400 1718 7da

229 1757 269 1816 eis
292 1776 321 1816 se
344 1756 403 1815 iam
424 1755 516 1832 egisse
538 1755 656 1831 quidem
679 1755 849 1833 confitetur,
880 1759 931 1817 sed
953 1761 1044 1821 nihilo
1066 1763 1162 1823 minus
1184 1763 1328 1839 quomodo
1350 1778 1400 1818 eae

228 1861 358 1938 singulae
378 1861 490 1936 figurae
511 1860 550 1917 ad
571 1859 785 1934 perorationem
807 1861 990 1922 adhibendae
1011 1864 1086 1937 sint,
1119 1884 1149 1925 se
1176 1866 1400 1941 exploraturum

230 1982 289 2022 esse
310 1963 429 2038 profitet
467 2007 474 2023 .

314 2068 438 2126 Exstant
459 2083 529 2125 vero
546 2064 635 2124 etiam
652 2066 717 2138 loci,
741 2065 846 2141 quibus
858 2066 1128 2139 demonstraverim,
1151 2068 1291 2144 Apsinem
1309 2067 1400 2143 sonip-

229 2171 297 2230 sisse
318 2169 437 2242 librum,
460 2168 606 2244 quiesset
629 2170 664 2228 de
686 2169 848 2230 elooutione
870 2168 930 2228 sive
951 2166 1028 2252 περὶ
1050 2166 1224 2254 ἑρμηνείας.

314 2276 351 2336 In
373 2272 753 2347 commentarioDoxopatri
773 2272 806 2329 in
827 2273 1031 2349 Aphthonium
1052 2272 1111 2333 vol.
1129 2270 1172 2330 II.
1191 2292 1220 2347 p.
1234 2273 1294 2332 512
1306 2272 1400 2331 Walz.

230 2381 268 2438 ad
284 2380 374 2440 verba
395 2371 592 2461 ἓκφρασιέον
610 2369 645 2436 δὲ
658 2365 818 2454 πρόσωπά
839 2392 874 2434 τε
889 2371 943 2435 καὶ
956 2367 1134 2454 πράγματα,
1156 2366 1284 2454 καιροός
1297 2391 1333 2434 τε
1348 2371 1401 2436 καλ

229 2474 359 2559 τόπους,
383 2501 449 2541 oum
471 2483 529 2541 alia
550 2485 615 2542 tum
635 2481 707 2539 haee
729 2481 871 2538 adnotata
892 2479 1052 2554 reperimus
1074 2479 1159 2552 (513.
1185 2478 1251 2553 19):
1276 2469 1349 2537 ἐπεὶ
1366 2472 1402 2539 δὲ

231 2577 336 2645 πάντα
356 2577 395 2643 τό
417 2586 480 2645 τῶν
503 2583 734 2665 περιυτατικῶν
757 2583 824 2651 ταῖς
852 2573 1050 2662 ἓκφρόοεσιν
1078 2575 1278 2642 ὑποπίπτειν
1307 2578 1403 2662 χωρὶς

230 2689 285 2770 τῆς
299 2679 400 2756 αἰτίας
416 2679 664 2769 α’πεφηνόμεθα,
687 2685 815 2764 φέρεται
828 2682 865 2744 δέ
877 2703 924 2753 τις
936 2681 989 2744 καλ
1001 2678 1138 2766 διαφορὰ
1151 2677 1232 2766 πρδς
1246 2675 1403 2767 ἀλλήλους

230 2784 318 2870 παρα
339 2792 402 2850 τῶν
424 2785 580 2864 παλαιῶν,
601 2783 658 2850 τόν
680 2779 803 2870 τρόπον
826 2780 857 2846 oi
872 2781 932 2865 μὲν
949 2780 993 2867 μή
1007 2781 1092 2862 ἔχειν
1106 2778 1299 2862 όπόστασιν,
1321 2779 1403 2868 μήτε

230 2888 294 2976 μην
323 2885 542 2976 ἒκφρόζερθαι
564 2883 700 2954 δυνατόν
723 2886 958 2970 α’πεφαίνοντο,
988 2883 1028 2958 ag
1050 2883 1082 2948 οἱ
1103 2884 1181 2970 περὶ
1200 2880 1402 2970 Ἑρμαγόραν

230 2994 338 3057 τεκαὶ
360 2992 450 3079 Ἀψί
456 3016 539 3079 νην,
562 2989 594 3055 οἱ
616 2989 726 3056 δὲκαὶ
748 2988 845 3056 αὐτόν
868 2989 1039 3069 ἀναγκαίως
1060 2984 1290 3073 ἒκφράζεσθαι,
1315 2987 1354 3062 uir
1371 2987 1404 3053 οί

231 3096 309 3182 περὶ
330 3099 441 3161 Θέωνα
462 3094 518 3161 τόν
542 3089 757 3160 Πλατωνικόν.
801 3100 858 3158 Hie
878 3096 1061 3158 loousBakio
1083 3097 1156 3171 prol.
1173 3117 1202 3172 p.
1214 3099 1266 3157 ΙΧ.
1285 3097 1405 3158 videtur

232 3224 266 3263 ox
288 3205 482 3282 syntagmate
504 3203 539 3260 de
561 3201 717 3261 schematis
738 3202 847 3276 petitus
870 3220 939 3262 esse.
975 3202 1033 3261 Sed
1051 3201 1150 3280 agitur
1166 3203 1221 3260 hoo
1241 3203 1305 3262 loeo
1326 3199 1405 3282 περὶ

231 3307 290 3367 τοῦ
312 3298 544 3388 ἒκφρόζεσθαι,
567 3305 646 3380 quod
668 3307 745 3364 eorte
767 3305 950 3364 referendum
972 3307 1017 3364 ost
1038 3305 1075 3362 ad
1096 3304 1205 3363 librum
1226 3302 1303 3385 περὶ
1324 3299 1405 3385 φρά-

233 3425 311 3478 σεως
331 3412 379 3470 vel
399 3410 432 3468 id
446 3408 524 3484 quod
545 3406 718 3482 posteriores
733 3407 863 3468 rhetores
879 3409 960 3468 velut
973 3408 1131 3484 Dionysius
1146 3411 1304 3482 malebant,
1327 3407 1406 3492 περὶ

233 3506 452 3595 {emundarit

317 3618 393 3676 Item
421 3633 506 3676 anon.
534 3614 623 3673 sohel.
652 3614 690 3671 ad
712 3614 851 3691 Hermog.
883 3607 923 3677 ίδ,
952 3616 1010 3675 vol.
1032 3614 1104 3678 VII.
1126 3635 1156 3691 p.
1180 3617 1252 3677 931.
1278 3618 1316 3676 14
1340 3615 1403 3675 W.:

233 3714 330 3781 ἔτιδὲ
353 3719 552 3799 σαφέστερον
564 3709 604 3777 τό
619 3712 696 3795 περὶ
708 3716 768 3777 τοῦ
778 3709 937 3796 κόμματος
951 3711 1086 3801 Ἀψίνου
1104 3711 1226 3790 δόξειεν
1243 3711 1283 3778 δν
1302 3711 1403 3792 ἔχειν·

235 3808 326 3892 οὗτος
343 3816 401 3904 γδρ
417 3819 497 3883 κατδ
510 3816 569 3900 μὲν
586 3813 644 3902 τήν
661 3813 803 3880 διόνοιαν
821 3816 915 3883 ου’δὲν
932 3820 1094 3904 διαφέρειν
1109 3818 1233 3897 νομίζει
1250 3813 1289 3879 τό
1303 3813 1406 3879 κοῖλον

234 3927 293 3987 τοῦ
314 3919 488 4004 κόμματος,
511 3915 599 4005 μόνω
620 3916 656 3984 δὲ
678 3920 924 4003 διαχωρίζεσθαι
945 3928 989 4006 τῷ
1009 3923 1113 4004 μέτρω
1134 3924 1197 3983 τῶν
1221 3916 1403 4002 συλλαβῶν·

234 4024 300 4087 aad
314 4022 371 4111 χυίρ
383 4020 542 4107 τεττάρων
556 4024 609 4088 καὶ
623 4026 719 4087 πέντε
733 4023 898 4108 συλλαβῶν
913 4027 1006 4108 μέχρι
1021 4030 1084 4088 τῶν
1102 4020 1138 4098 ἓξ
1153 4016 1269 4107 κόμμα,
1292 4022 1405 4108 φησὶν,

235 4125 333 4192 ἐστίν·
356 4126 395 4191 τό
416 4126 452 4192 δὲ
473 4124 558 4210 όπὲρ
578 4124 632 4199 τοῖς
653 4125 734 4192 ἑπτδ
756 4127 809 4192 καλ
833 4124 913 4190 δκτιδ
935 4128 989 4192 καὶ
1010 4128 1084 4192 δέκα
1107 4122 1238 4207 ἐγγίζειν
1259 4125 1319 4212 ἤδη
1341 4147 1408 4209 τρι-

234 4235 347 4319 μέτρῳ,
370 4232 423 4297 καλ
444 4234 536 4315 μέχρι
557 4235 617 4294 τοῦ
637 4228 775 4317 ἦρωικοῦ
804 4233 995 4316 προχωροῦν
1022 4230 1126 4295 κῶλον
1153 4232 1273 4309 γίνεται
1302 4222 1407 4311 ὀρθόν

235 4337 289 4401 καὶ
310 4332 509 4419 τεταγμένον,
531 4331 569 4397 τό
590 4331 627 4397 δὲ
647 4330 732 4418 όπὲρ
753 4331 789 4397 τό
810 4331 946 4419 ἡρωικόν
969 4335 1176 4413 σχοινοτενές·
1207 4370 1246 4379 -
1275 4332 1408 4414 προστί-

236 4441 319 4526 θησι
347 4437 383 4504 δὲ
411 4433 644 4522 διορθούμενος
664 4435 723 4521 τήν
745 4436 861 4502 ἑαυτοῦ
882 4434 979 4512 δόξαν
1001 4435 1079 4519 περὶ
1106 4440 1158 4513 (sie
1180 4441 1259 4498 reete
1280 4456 1333 4514 pro
1355 4430 1408 4497 διδ

236 4547 353 4622 seripsit
374 4546 495 4620 Bakius)
522 4547 581 4606 τοῦ
603 4536 776 4623 κόμματος,
809 4538 859 4604 ’ότι
880 4541 933 4605 καλ
955 4536 990 4604 ἐκ
1011 4534 1169 4623 τεττάρων
1191 4537 1245 4601 καὶ
1265 4531 1407 4623 ἡττόνων
