3000 5108
616 534 766 626 „E-

11 724 22 745 ·'
107 721 132 780 ei
154 720 271 796 quidem
293 721 371 780 locos
392 741 423 796 p.
445 721 516 782 368.
539 722 598 792 213
631 723 701 781 371.
727 722 764 782 18
786 722 864 779 recte
889 720 1088 801 interpretor,
1117 739 1274 781 connexum

107 841 168 883 esse
196 823 312 881 ridetur
339 825 427 898 atque
449 823 600 882 cohaerere
631 842 696 882 cum
724 822 788 882 istis
811 826 971 882 ceterorum
993 824 1144 883 rhetorum
1165 825 1275 884 machi-

13 930 19 957 -“
67 926 70 931 “
106 924 283 984 natIonibus.
318 926 375 985 Sed
399 943 464 984 cum
486 927 549 984 fieri
570 926 669 997 soleat,
692 928 725 984 ut
747 921 811 985 istis
831 925 902 1000 ipsis
923 926 1154 986 adversariorum
1176 945 1274 1002 repre·

106 1027 292 1087 hensionibus
324 1029 403 1089 fama
436 1029 585 1105 scriptoris
620 1027 869 1088 commendatione
904 1031 1029 1105 quadam
1066 1031 1151 1105 paulo
1186 1030 1274 1090 latius

108 1129 238 1188 dimanet
270 1132 308 1189 ad
331 1131 573 1191 existimationem
595 1131 764 1203 hominum,
798 1131 919 1206 Apsinis
941 1151 1055 1208 quoque
1087 1132 1150 1192 laus
1180 1136 1274 1192 sectae

107 1226 360 1310 Hermogenianae
380 1235 644 1310 vituperationibus
662 1235 834 1312 pervulgata
846 1237 898 1297 est.
929 1233 1043 1294 Idcirco
1060 1236 1097 1295 ab
1114 1234 1276 1294 scholiastis

11 1364 14 1369 ·
106 1335 231 1394 aliorum
248 1337 398 1396 rhetorum
415 1356 500 1414 saepe
517 1338 661 1396 laudatur.
698 1336 751 1396 Oui
772 1337 816 1394 rei
838 1336 925 1395 etiam
946 1335 1021 1394 illud
1039 1337 1174 1412 quadrat,
1198 1335 1275 1411 quod

12 1458 23 1523 j
106 1434 226 1514 Apsinis
240 1457 286 1499 ars
301 1440 573 1515 interpolationibus
594 1439 728 1515 plurimis
749 1442 886 1514 corrupta
900 1441 945 1498 est
963 1439 1081 1515 eiusque
1096 1438 1182 1499 solito
1192 1439 1276 1513 plura

10 1574 19 1591 -·
106 1544 222 1601 exstant
242 1543 448 1618 manuscripta.
491 1545 594 1620 Itaque
616 1543 735 1619 Apsinis
755 1544 859 1615 libros,
890 1546 925 1602 ut
955 1541 1161 1617 discipulorum
1184 1541 1276 1600 facul-

105 1645 218 1705 tatibus
238 1647 440 1723 mentibusque
462 1647 658 1717 convenirent,
686 1647 717 1705 in
738 1647 884 1722 epitomen
905 1644 1036 1703 redactos
1059 1661 1118 1703 esse
1140 1644 1276 1703 doeemur

105 1749 205 1809 codice
227 1750 378 1822 Gudiano,
408 1768 464 1826 quo
486 1748 673 1808 continentur
694 1752 760 1825 post
780 1749 877 1824 ipsum
898 1746 1038 1822 Apsinem
1059 1749 1205 1822 Excerpta
1225 1747 1276 1809 fol.

107 1852 312 1912 asoa-assa
333 1842 515 1933 ἒξἈψίνου
537 1845 669 1934 ῥήτορος
690 1848 767 1933 περὶ
788 1842 947 1925 duriores.
981 1851 1079 1926 Atque
1101 1850 1189 1909 etiam
1210 1849 1278 1907 rhe-

14 2004 17 2013 .
104 1956 195 2025 tores,
217 1957 254 2015 ut
274 1972 339 2013 suas
360 1958 437 2014 artes
459 1957 639 2026 exornarent,
667 1973 701 2014 ex
721 1955 808 2015 hauns
830 1953 978 2030 scriptoris
998 1952 1083 2012 libris
1106 1950 1277 2027 excerpsisse

10 2066 12 2071 '
106 2056 243 2117 Tiberius
263 2057 346 2117 testis
368 2059 421 2135 est,
444 2075 528 2133 quem
550 2057 664 2134 quidem
683 2058 801 2135 ApsinIs
815 2061 844 2117 et
856 2057 974 2117 Caecilii
990 2056 1080 2116 libros
1101 2051 1178 2137 περὶ
1200 2069 1276 2134 σχη-

10 2142 13 2147 ’
106 2150 218 2237 μάτων
241 2160 407 2236 compilasse
425 2161 581 2222 verisimile
596 2165 649 2224 est.
671 2163 752 2221 Idem
766 2159 915 2221 invenitur
928 2160 1005 2235 apud
1019 2159 1194 2236 Gregorium
1205 2154 1274 2214 VII.

105 2281 158 2337 pp.
172 2264 261 2324 1225.
282 2264 434 2324 5-1227.
459 2267 476 2325 5
496 2266 553 2337 W„
577 2263 628 2342 qui
649 2264 757 2339 Iocum,
781 2281 867 2339 quem
888 2264 1000 2322 tractat
1018 2262 1141 2336 Apsines
1162 2261 1193 2319 in
1215 2259 1275 2335 epi·

105 2368 176 2442 logo
198 2368 233 2426 de
254 2367 478 2439 enumeratione,
509 2386 659 2445 suppresso
681 2367 806 2427 auctoris
827 2365 943 2426 nomine
964 2365 1073 2440 partlm
1094 2364 1133 2422 ad
1154 2363 1274 2422 verbum

109 2469 272 2544 descripsit,
303 2471 412 2548 partim
433 2471 464 2529 in
485 2470 603 2532 brevius
624 2469 779 2531 contraxit.
822 2468 927 2544 Itaque
949 2469 1065 2528 'Iaetzes
1087 2465 1204 2543 Apsinis
1225 2483 1276 2539 pa-

106 2571 199 2631 ariam
220 2575 298 2633 recte
319 2572 420 2632 laudat
442 2572 558 2634 ohiliad.
580 2570 668 2633 VIII.
691 2573 771 2632 696:
1226 2630 1228 2635 .

313 2667 383 2734 ἔστι
403 2669 458 2734 καὶ
479 2667 572 2744 πόλις
592 2666 720 2755 Γάδαρα
741 2675 806 2736 τῶν
829 2671 988 2735 Φοινίκων
993 2642 1107 2766 [χώρῃ
1212 2690 1244 2750 5.

315 2768 349 2847 ἐξ
370 2759 406 2860 ἧς
427 2772 560 2860 ’Aptans
580 2770 742 2859 Podoperir
763 2769 781 2836 d
803 2768 907 2860 ῥήτωρ
928 2767 1071 2852 ἐγεγόνει.
1096 2809 1137 2821 -

619 2963 700 3046 Gap.
721 2962 772 3028 Il.

197 3088 259 3146 Iam
288 3103 358 3146 vero
390 3088 427 3145 ad
455 3087 587 3146 codicum
615 3085 695 3146 haud
722 3103 845 3161 parvum
875 3103 1030 3144 numerum
1051 3085 1278 3144 enumerandum

14 3270 17 3275 Ι
68 3210 71 3217 ·
111 3190 239 3261 transeo,
261 3208 384 3266 qnorum
405 3209 496 3249 unum
518 3208 571 3266 ego
593 3188 747 3265 diligenter
768 3187 887 3259 excussi,
908 3190 944 3245 ut
965 3185 1094 3246 omnium
1117 3190 1278 3245 ceterorum

21 3316 24 3321 ·
112 3290 191 3351 inter
212 3291 405 3351 serationem
427 3295 457 3351 et
478 3291 608 3351 ordinem
631 3294 764 3350 accurate
785 3291 983 3367 exprimerem.
1016 3292 1052 3351 In
1069 3309 1125 3367 qno
1141 3290 1278 3367 quoniam

114 3394 241 3466 Bakius,
273 3395 323 3470 qui
350 3395 463 3471 primus
493 3396 531 3455 ad
554 3394 693 3470 Apsinem
715 3395 928 3454 emendandum
949 3412 1046 3453 omnes
1074 3394 1135 3453 fere
1157 3393 1279 3464 codices,

113 3495 220 3573 quibus
240 3495 301 3555 eius
320 3515 367 3557 ars
388 3498 533 3558 rhetorica
553 3497 733 3568 continetur,
764 3497 958 3573 inspiciendos
980 3499 1149 3572 curaverat,
1181 3513 1228 3555 eos
1249 3496 1280 3552 in

87 3590 90 3595 ’
113 3598 324 3677 prolegomenis
345 3599 480 3660 editionis
502 3598 662 3675 descripsIt,
687 3597 761 3659 mibi
781 3599 883 3659 licebit
902 3599 1021 3660 nomina
1042 3599 1126 3660 modo
1148 3598 1280 3658 codicum

113 3700 227 3761 afferre.

32 3788 69 3873 ς’.
139 3805 170 3879 1)
203 3803 525 3866 caesareanas.
549 3822 603 3864 see.
626 3804 707 3864 xm.
731 3803 804 3864 aas.
827 3805 900 3880 pru.
922 3824 951 3881 p.
975 3807 1025 3867 43.

137 3906 170 3984 2)
203 3906 298 3968 Codex
319 3908 467 3969 Parisinus
488 3909 523 3970 B.
546 3925 600 3968 seo.
623 3907 675 3969 XI.
704 3905 778 3967 Bak.
800 3907 874 3983 prol.
896 3926 925 3983 p.
948 3909 998 3980 43,
1032 3906 1125 3967 Walz.
1147 3907 1205 3967 vol.
1228 3906 1280 3965 IX.

243 4011 316 4088 prol.
338 4032 367 4087 p.
389 4012 426 4071 X.
450 4013 480 4070 at
501 4010 608 4072 XXVI.
626 4026 629 4031 '

136 4114 170 4188 3)
201 4114 296 4174 Codex
317 4112 464 4173 Parisinus
482 4112 514 4173 0.
535 4130 590 4171 sec.
613 4112 678 4172 XV.
700 4111 773 4170 Bak.
795 4111 869 4187 prol.
892 4130 920 4187 p.
943 4114 994 4175 43.

137 4215 170 4289 4)
201 4214 295 4275 (lodex
316 4217 445 4276 Venetus
467 4215 504 4275 A.
527 4232 583 4276 sec.
605 4212 685 4277 XIV.
707 4213 780 4272 Bak.
803 4213 877 4288 prol.
898 4235 927 4290 p.
950 4218 1002 4278 44.
1031 4216 1069 4279 ef.
1093 4215 1186 4279 Walz.
1207 4213 1281 4289 prol.

243 4336 274 4397 p.
297 4318 333 4376 X.
357 4320 387 4377 et
408 4316 518 4383 XXVI.

138 4419 171 4493 5)
201 4417 296 4480 (lodex
317 4421 445 4480 Venetus
466 4420 501 4480 B.
524 4436 579 4484 sec.
602 4420 667 4480 XV.
690 4419 764 4482 Bak.
787 4420 861 4495 prol.
884 4422 934 4482 44.

1064 4516 1080 4569 2
