3000 5108
1119 39 1403 243 -η

747 645 766 703 4

168 836 305 891 naturam
327 831 468 908 Apsinem
490 834 609 891 nactum
630 831 750 905 ideoque
772 830 809 888 ab
832 829 1000 905 aequalibus
1024 828 1111 887 Panis
1133 828 1227 885 filium
1249 826 1342 886 iocose

169 937 353 996 nominatum
375 955 435 996 esse
456 931 598 1010 opinor.·‘’)

255 1043 271 1112 ἐ
296 1041 324 1098 2.
361 1039 426 1097 Iani
447 1057 516 1098 vero
538 1057 598 1114 qua
618 1041 714 1098 aetate
726 1038 835 1108 rhetor,
859 1036 894 1094 de
906 1054 963 1110 quo
975 1053 1060 1111 agere
1077 1031 1202 1102 institui,
1225 1026 1348 1100 vixerit,

168 1142 267 1216 paucis
289 1143 502 1217 perscrutabor.

254 1244 451 1305 Philostratus
472 1244 504 1302 in
526 1242 611 1313 libro,
636 1242 686 1318 qui
700 1242 871 1301 inscribitur
884 1240 961 1302 Βίοι
982 1240 1165 1318 Σοφιστῶν,
1188 1257 1254 1296 cum
1269 1238 1343 1296 alios

168 1348 298 1408 rhetores
319 1352 383 1408 tum
406 1348 546 1422 Apsinem
570 1349 766 1408 Gadarensem
795 1341 968 1418 laudavitl)
1012 1344 1084 1403 Gum
1113 1346 1211 1402 autem
1241 1340 1342 1398 Philo-

168 1452 280 1510 stratus
301 1470 357 1521 eos
390 1452 439 1527 qui
461 1448 1024 1529 gloriaphilosophandipraestiterint
1046 1451 1075 1507 et
1096 1448 1172 1505 iusto
1195 1444 1343 1519 sophistae

167 1555 282 1613 nomine
304 1555 400 1614 ornati
422 1554 481 1613 sint
503 1554 610 1630 quique
632 1552 692 1610 iam
713 1552 776 1610 vita
793 1553 969 1611 decesserint
984 1554 1035 1610 aut
1054 1569 1180 1626 quorum
1196 1567 1255 1606 non
1272 1565 1342 1604 usus

167 1656 206 1715 sit
227 1656 444 1728 familiaritate,
474 1675 504 1715 se
527 1655 741 1730 descripturum
763 1672 823 1714 esse
844 1655 1018 1730 profiteatur
1039 1653 1164 1723 veritus,
1195 1670 1232 1710 ne
1253 1650 1343 1709 fidem

167 1758 203 1816 ab
234 1758 403 1834 aequalibus
432 1777 491 1817 non
512 1758 686 1832 impetraret
711 1791 747 1800 —
770 1753 823 1816 καὶ
846 1749 904 1836 yolo
925 1750 966 1816 dv
987 1753 1041 1815 καὶ
1062 1751 1279 1835 α’πιστηθείην
1302 1745 1344 1819 οἷς

167 1853 388 1937 χαρισάμενος,
411 1853 524 1942 ἐπειδὴ
546 1855 636 1937 φιλία
658 1877 715 1937 μοι
735 1852 817 1938 πρὸς
838 1852 953 1927 αὐτοῦς
973 1845 1014 1941 ἦν
1039 1891 1086 1928 -‚
1110 1856 1196 1931 sequi
1212 1853 1341 1924 ridetur,

167 1963 201 2019 ut
224 1961 347 2037 Apsines
370 1963 553 2034 Gadarensis‚
585 1981 651 2021 cunr
666 1962 869 2022 ‘Philostratus
891 1962 976 2020 Vitas
998 1959 1202 2035 Sophistarum
1225 1975 1350 2032 compos

167 2066 259 2136 neret,
280 2064 340 2122 iam
362 2064 453 2124 fuerit
469 2069 600 2125 mortuus
619 2069 708 2141 atque
729 2066 865 2141 quoniam
880 2065 911 2122 in
923 2065 979 2122 fine
994 2064 1054 2123 eius
1070 2061 1140 2121 libri
1151 2063 1342 2130 memoratur,

166 2184 225 2224 non
247 2167 340 2226 multo
363 2170 432 2226 ante
453 2170 547 2226 morte
569 2168 747 2227 occubuerit.
792 2167 991 2227 Familiariter
1024 2166 1101 2225 enim
1123 2182 1152 2223 se
1173 2183 1257 2223 usum
1279 2182 1344 2222 esse

167 2270 276 2343 Apsine
299 2270 461 2332 Gadarensi
482 2271 555 2329 dicit
576 2271 780 2330 Philostratus.
790 2266 814 2341 ⁷)
847 2271 951 2346 Itaque
974 2288 1029 2345 quo
1052 2286 1128 2326 anno
1146 2267 1345 2326 Philostratus

167 2372 252 2431 Vitas
275 2373 477 2448 Sophistarum
500 2372 632 2445 ediderit,
656 2372 784 2447 primum
807 2372 1004 2450 indagandum
1027 2375 1080 2431 est.

252 2475 339 2534 Hune
359 2475 469 2534 librum
485 2475 680 2535 Philostratus
703 2475 755 2534 sub
778 2495 887 2535 annum
910 2477 1138 2537 ducentesimum
1160 2473 1344 2534 tricesimum

169 2577 324 2651 septimum
350 2576 467 2636 videtur
497 2579 705 2653 composuisse,
738 2579 819 2638 cuius
841 2579 884 2638 rei
906 2580 990 2639 testis
1012 2581 1056 2638 est
1077 2577 1229 2652 inscriptio
1251 2575 1341 2634 libri:

171 2679 223 2758 Τῷ
239 2673 451 2761 λαμπροτάτῳ
472 2673 584 2761 ὑπάτῳ
601 2676 758 2761 Ἀντωνίῳ
771 2678 937 2762 Γορδιοινρῖ
953 2673 1093 2750 Φλαύιος
1111 2671 1343 2759 Φιλόστρατος.

167 2783 265 2857 Atque
298 2799 363 2839 cun1
385 2781 417 2839 in
439 2784 539 2842 eodem
569 2783 714 2859 prooemio
745 2784 795 2842 ille
817 2784 998 2844 Gordianum
1027 2783 1200 2844 salutaverit
1227 2777 1343 2861 ἄριστε

167 2874 381 2958 ἀνθυπάτων,
414 2885 579 2960 appellatur
612 2886 770 2960 imperator
800 2887 965 2948 Gordianus
994 2880 1148 2963 primus.⁸)
1199 2887 1228 2944 Is
1251 2885 1341 2955 enim,

167 3004 253 3060 quem
275 2987 380 3044 vocant
402 2987 443 3047 M.
465 2986 629 3046 Antonium
652 2987 833 3047 Gordianum
851 2990 1033 3061 Africanum,
1055 2989 1222 3048 adolescens
1238 2989 1344 3047 admo·

166 3088 237 3145 dum
260 3084 438 3146 carminibus
461 3089 667 3163 componendis
688 3109 805 3164 operam
829 3093 933 3165 dabat,
967 3094 1001 3151 ut
1031 3110 1121 3166 paene
1151 3092 1244 3150 adhue
1267 3111 1343 3166 puer

104 3176 107 3181 ’
166 3191 363 3250 neronianam
394 3191 538 3250 rarorum
567 3193 694 3270 triginta
723 3195 864 3255 scriberet
885 3196 916 3254 in
937 3196 1054 3254 ιωιωω
1075 3194 1219 3254 antonus
1242 3193 1287 3252 en
1310 3197 1343 3254 ω

166 3295 206 3352 M.
224 3290 379 3368 Aurelii.⁹)
422 3295 663 3354 Familiarissirne
686 3300 783 3356 autem
805 3316 889 3356 usum
911 3316 941 3356 se
963 3316 1021 3358 esse
1043 3297 1255 3359 illoGordiano
1276 3296 1342 3373 ipse

166 3395 362 3454 Philostratus
393 3396 496 3468 refert,
529 3415 595 3456 eum
623 3399 753 3459 dicatin
775 3399 956 3474 praefatione
977 3402 1039 3460 eius
1060 3401 1144 3459 libri:
1174 3393 1342 3476 Σοφισταῖς

165 3489 329 3579 dropace
350 3513 413 3573 σοι,
436 3491 616 3574 γιγνώσκων
638 3499 707 3579 μέν,
730 3495 779 3560 ὅτι
801 3500 853 3563 καὶ
875 3501 963 3577 γένος
992 3495 1064 3562 ἐστι
1089 3516 1142 3563 σοι
1170 3494 1251 3582 προς
1278 3493 1340 3582 τήν

165 3599 279 3682 τέχνην
301 3592 333 3668 ἐς
353 3592 499 3683 Ἡρώδην
521 3599 578 3664 τᾶν
601 3600 760 3688 σοφιστήν
783 3603 984 3684 α’νοφὲροντι,
1006 3599 1206 3687 μεμνημένος
1227 3598 1262 3664 δὲ
1284 3601 1341 3664 καὶ

164 3705 228 3763 τῶν
249 3699 328 3762 nard
349 3698 408 3787 τήν
430 3699 626 3781 Ἀντιόχειαν
649 3708 924 3770 σπονδοσθέντων
947 3704 1027 3770 ποτὲ
1047 3704 1123 3793 ἡμῖν
1146 3702 1230 3788 ὑπὲρ
1244 3716 1340 3786 σοφι-

165 3807 250 3867 στῶν
273 3798 309 3866 ἒν
326 3809 371 3888 τῷ
391 3811 450 3868 τοῦ
470 3808 639 3888 Δαφναίου
663 3804 747 3893 ἱερῷ.

251 3911 416 3971 Gordianus
438 3917 535 3972 autem
559 3918 712 3991 postquam
733 3917 852 3975 functus
874 3920 919 3976 est
940 3918 1091 3991 praetura,
1122 3932 1189 3973 cum
1211 3913 1339 3988 impera-

164 4017 227 4073 tore
240 4013 389 4073 Oaracalla
410 4018 512 4075 consul
534 4018 629 4077 factus
650 4019 757 4078 iterum
778 4039 845 4078 eum
868 4020 1042 4095 imperatore
1053 4017 1217 4076 Alexandro
1230 4016 1338 4075 Severo

164 4120 217 4178 sub
239 4138 346 4177 annum
370 4123 430 4180 229
454 4122 553 4181 consul
576 4123 744 4200 designatus
766 4128 812 4183 est
833 4124 979 4182 suffectus.
1021 4124 1098 4181 Tum
1120 4140 1138 4179 a
1159 4124 1262 4180 senatu
1282 4140 1338 4194 pro

163 4223 280 4282 consule
303 4223 333 4280 in
356 4223 487 4282 Africam
509 4224 613 4285 missus
641 4229 725 4285 tanto
757 4225 981 4301 provincialium
1010 4244 1108 4285 amore
1137 4227 1261 4286 dilectus
1282 4228 1336 4298 est,

163 4330 197 4382 ut
227 4325 354 4382 alterum
382 4326 560 4401 Scipionem,
595 4326 749 4401 Catonem,
782 4328 914 4386 Laelium
942 4328 1109 4403 Sapientem
1142 4348 1206 4387 eum
1236 4329 1337 4404 appel-

162 4423 314 4502 larent.¹⁰)
358 4430 417 4488 Sed
439 4429 488 4487 ille
511 4449 576 4488 cum
599 4431 761 4506 complures
782 4450 874 4490 annos
895 4429 1076 4506 provinciam
1088 4429 1219 4488 Africam
1241 4431 1336 4489 admi-

161 4530 329 4603 nistrasset,
364 4549 382 4590 a
403 4533 560 4592 commatis
583 4534 757 4609 quibusdam
778 4536 929 4611 Augustus
952 4536 1055 4592 contra
1076 4533 1266 4591 Maximinum
1289 4551 1337 4619 re-
