3000 5108
654 496 692 554 33

79 674 169 760 παρᾶ
189 677 269 758 net„
292 683 397 758 quibus
418 681 562 742 subicitur
583 685 756 757 exemplum,
779 684 859 742 cuius
881 682 912 740 in
934 683 991 741 fine
1005 682 1084 741 idem
1101 700 1159 741 uon
1176 696 1257 756 posse

79 786 190 845 iterum
211 785 348 871 collocari
369 787 499 860 apparet,
522 786 559 843 cf.
582 805 611 859 p.
635 787 706 847 367.
731 788 769 847 10
792 805 846 862 sq„
869 806 898 861 p.
923 787 994 847 370.
1020 786 1068 847 13.

165 906 196 961 p.
218 888 290 947 385.
316 887 354 946 18
385 887 448 960 (82.
473 889 541 961 20):
576 886 669 966 Τρεῖς
698 875 756 948 οὖν
786 880 852 961 ἔχει
879 879 999 955 τόπους
1027 877 1255 967 ήοῖνοὶμνησις,

83 986 262 1065 [τουτέστιν
284 981 306 1070 η’
327 983 624 1067 α’νακεφαλαίωσις].
669 990 783 1049 Haueta
804 993 848 1049 est
867 989 937 1048 haec
955 988 1105 1048 annotatio
1122 1007 1199 1049 exv.
1219 992 1255 1048 5:

53 1108 56 1113 ·
82 1082 161 1151 ἔνιοι
178 1084 282 1150 δὲκαὶ
297 1084 376 1150 aare?
396 1090 497 1168 μέσον
512 1093 571 1152 τοῦ
593 1084 690 1167 λόγον
711 1083 889 1174 ἐχρήσαντο
904 1093 943 1172 τῇ
957 1083 1143 1172 ἀναμνήσει,
1166 1107 1257 1150 τοοι·

80 1190 148 1253 ἐστι
168 1192 208 1273 τῇ
231 1186 515 1271 acaemetarum».

164 1314 194 1369 p.
218 1296 290 1356 388.
315 1298 330 1355 1
354 1296 417 1371 (86.
444 1298 507 1371 15);
531 1292 700 1377 Σοφοκλῆς
722 1287 758 1354 ἒν
776 1290 932 1381 Ἠλέκτρα
954 1289 1012 1377 τήν
1035 1287 1180 1373 α’δελφήν
1202 1285 1257 1352 αὖ·

78 1396 135 1479 τῆς
155 1389 213 1456 τόν
234 1389 393 1470 Αἴγισθον
415 1393 469 1457 καὶ
490 1391 549 1479 τήν
570 1399 688 1481 μητέρα
710 1394 899 1457 ἀποκτεῖναι
915 1387 1091 1478 notaverim]
1114 1393 1182 1472 [καὶ
1196 1388 1256 1477 τήν

77 1489 393 1580 [dorsumdurum]
426 1500 510 1558 Hanc
531 1501 787 1576 interpolationem
810 1519 870 1559 esse
884 1501 922 1558 ad
940 1499 1070 1582 μητέρα,
1092 1501 1177 1559 facile
1194 1498 1258 1574 qui·

77 1598 125 1661 vis
145 1598 202 1659 eibi
222 1601 420 1674 persuadebit.
464 1601 574 1661 Bakius
596 1607 703 1673 autem,
725 1603 796 1662 haee
817 1603 849 1660 in
870 1621 928 1660 uno
951 1603 1084 1662 Parisino
1102 1604 1131 1660 A
1153 1601 1255 1669 inesse,

79 1672 224 1761 annotare
244 1701 383 1778 neglexit.

164 1823 192 1880 p.
217 1805 289 1865 389.
308 1807 346 1864 12
364 1806 427 1879 (88.
444 1808 507 1881 17):
522 1801 600 1865 Ἔτι
622 1799 850 1889 ἄναμνήσομεν
864 1797 921 1866 ἐπὶ
944 1807 1024 1878 (fort.
1037 1798 1089 1865 δια
1107 1809 1142 1865 ut
1159 1807 1257 1880 saepe)

75 1907 135 1986 τῆς
161 1901 355 1986 καλουμένης
384 1905 614 1986 γνωσιγραφίας
645 1902 737 1984 [κατὰ
769 1899 887 1989 ταύτην
917 1899 1185 1986 κεφαλαιούμενοι
1215 1900 1258 1965 coi

76 2004 258 2092 εἶρημέναΊ
283 2002 353 2069 ἔστι
373 2004 410 2071 δὲ
430 2003 451 2092 ἡ
472 2008 688 2089 γνωσιγραφία
710 2005 776 2070 κτλ.
818 2009 954 2069 conferas
976 2029 1005 2085 p.
1030 2009 1101 2093 386.
1126 2012 1159 2069 5:
1183 2004 1259 2068 a'vu·

10 2124 16 2145 ··
75 2102 244 2193 μνήσομεν
262 2105 370 2173 δὲκαὶ
388 2105 439 2172 deci
458 2111 737 2191 προοωποποιίας·
760 2111 795 2172 αι’
813 2105 842 2172 d'
857 2101 948 2171 ἐστὶν
967 2103 988 2190 p‘
1004 2107 1257 2190 προσωποποιία

77 2208 147 2273 κτλ.
189 2213 288 2273 Etiam
310 2214 341 2272 in
363 2215 504 2289 excerptis
527 2216 684 2289 (iudanis,
713 2215 838 2275 sirecte
867 2213 994 2290 margini
1021 2213 1177 2288 annotavi,
1207 2212 1259 2271 illa

12 2386 30 2401 Ι,
80 2318 197 2377 desunt.
220 2350 262 2361 —

10 2402 14 2409 ⁵
166 2421 230 2478 Iam
251 2436 321 2478 vero
342 2419 483 2494 Apeinem
499 2420 554 2478 etsi
574 2438 633 2480 non
655 2439 808 2492 summum!
832 2422 930 2477 tamen
944 2434 1003 2476 non
1015 2419 1258 2477 contemnendum

78 2518 252 2594 scriptorem
272 2539 371 2579 rerum
392 2519 607 2580 rhetoricarum
628 2520 776 2580 habemus.
812 2518 969 2578 Referebat
991 2518 1069 2576 enim
1090 2520 1140 2578 ille
1162 2521 1260 2579 omnia

78 2640 133 2681 sua
153 2625 309 2697 praecepta
330 2624 368 2681 ad
389 2622 496 2681 summi
517 2623 646 2681 omnium
668 2627 832 2697 temporum
854 2622 979 2681 oratorie
1001 2624 1174 2699 exemplum,
1202 2642 1259 2685 non

77 2722 263 2799 repudiabat,
286 2723 337 2782 ubi
358 2741 404 2783 ree
419 2725 595 2799 postulabat,
618 2728 772 2798 poetarum
786 2724 925 2795 carmina,
948 2725 1124 2784 emendabat
1146 2743 1179 2783 ea
1200 2726 1259 2785 suis

77 2824 235 2900 exemplis,
266 2843 340 2901 quae
365 2827 404 2884 ad
426 2845 494 2885 anae
516 2827 620 2886 aetatis
641 2845 736 2886 morea
758 2830 790 2887 et
810 2827 949 2886 instituta
970 2825 1134 2886 revocabat.
1181 2828 1259 2898 Quae

77 2946 145 2987 cum
166 2926 211 2987 itu
232 2928 306 2999 sint,
337 2927 468 3003 quisquis
490 2932 584 2987 artem
606 2932 738 2988 veterum
759 2927 936 2988 rhetoricam
957 2944 992 2984 ex
1013 2926 1142 3000 ipsorum
1163 2928 1255 3001 Ebrio,

75 3048 138 3088 non
159 3047 195 3087 ex
216 3030 396 3105 compendiis
418 3048 589 3108 cognoscere
610 3032 698 3100 volet,
724 3050 783 3090 non
804 3028 915 3104 poterit
936 3047 994 3088 non
1016 3029 1158 3105 inspicere
1179 3032 1257 3090 hanc

74 3131 198 3207 Apeinie
211 3135 306 3190 artem
317 3133 485 3207 oratoriam,
507 3134 584 3191 unde
606 3136 635 3192 et
659 3134 752 3191 multa
767 3133 799 3190 in
815 3149 897 3190 suam
914 3131 1035 3189 docendi
1050 3133 1258 3207 professionem

72 3232 231 3293 adhibebit
252 3237 282 3293 et
303 3252 440 3310 magnam
461 3234 603 3308 percipiet
625 3235 757 3294 lectionis
780 3235 973 3308 voluptatem.
996 3266 1040 3280 -
