3000 5108
1209 33 1498 195 -Π

753 645 904 736 *2-8*

245 849 307 889 κων
329 824 468 912 ηὔξηται.
510 830 675 889 Deteriores
703 830 828 900 cedices,
861 850 932 906 ques
962 833 995 890 ui
1025 846 1107 905 saepe
1128 829 1238 888 Bakius
1266 828 1410 904 sequitur,

243 933 383 1009 praebent
405 928 496 993 οὔπω
516 928 547 1015 ἥ,
568 935 645 992 uude
666 934 789 991 fortasse
810 952 874 992 mea
896 933 1062 992 coniectura
1082 935 1227 995 firmatur.

327 1055 356 1111 p.
375 1036 447 1097 367.
464 1038 502 1096 23
521 1031 585 1115 (56.
600 1036 646 1111 1):
663 1028 715 1093 Ἢ
726 1029 857 1114 βελτίων
878 1027 984 1116 ἕτερος
1004 1028 1125 1113 τρόπος
1146 1027 1411 1116 ἐπανορθώσεως.

205 1120 208 1125 ’
245 1137 415 1214 Spengeliue
445 1130 465 1219 ἤ
493 1137 620 1200 inclusit
664 1139 764 1210 ῈεΙεος
799 1141 861 1197 ium
889 1137 1000 1197 Bekius
1028 1139 1150 1200 coniecit
1170 1126 1211 1222 ἦν
1232 1140 1262 1219 β.
1306 1141 1351 1199 Ne
1380 1139 1413 1198 id

244 1241 360 1315 quidem
390 1245 485 1313 reete3
519 1259 622 1316 nempe
650 1242 810 1316 exemplum
839 1240 1037 1316 subsequitur,
1068 1246 1133 1301 tum
1164 1242 1320 1302 dicendum
1348 1245 1413 1301 erat

244 1337 291 1425 εἴη
314 1337 354 1403 ἀν
375 1345 423 1403 vel
443 1332 483 1424 ἦν
505 1338 554 1404 ἄν.
585 1344 689 1418 Itaque
705 1343 876 1404 correxerim
891 1329 958 1403 εἶτα
974 1362 1011 1402 ec.
1024 1338 1297 1424 ἀντιπαρίσταται,
1320 1361 1413 1421 quere

243 1446 344 1505 statim
365 1446 488 1522 Apsines
509 1445 583 1505 dicit
604 1440 694 1528 φησί.

326 1570 355 1625 p.
379 1551 449 1612 368.
474 1552 513 1611 23
537 1550 599 1625 (57.
625 1551 669 1625 3):
690 1542 742 1609 Ἢ
759 1542 902 1627 οάδαμοῦ
921 1549 1018 1609 τοῦτο
1039 1547 1083 1628 τῷ
1104 1542 1187 1631 ῥητῷ
1207 1537 1409 1627 πρόσκειται.

243 1653 414 1730 Spengelius
436 1672 504 1712 cum
524 1652 616 1711 Bakio
637 1652 746 1711 delevit
766 1647 796 1734 ἤ.
838 1651 982 1728 Equidem
1005 1650 1218 1711 emendaverim
1248 1643 1413 1710 ἀλλὀἀδα-

242 1756 315 1833 μοί,
339 1756 376 1816 ef.
398 1776 427 1831 p.
452 1757 521 1817 367.
547 1757 606 1815 15:
624 1752 680 1815 ναί
699 1767 779 1835 φησι
801 1749 952 1835 κερδαλέα
973 1746 1110 1834 γράφεις,
1132 1744 1326 1833 ἀλλάίσχρά.

326 1880 355 1935 p.
379 1860 450 1921 376.
477 1861 493 1918 7
515 1859 579 1934 (69.
604 1858 652 1931 6):
681 1841 760 1918 Οίον
782 1850 812 1916 εί
832 1850 934 1932 λέγειν
956 1849 1133 1932 δυνάμεθα.
1177 1857 1280 1916 Malim
1301 1854 1413 1919 δυναί·

242 1960 329 2040 μεθα
357 1981 391 2021 ex
411 1977 491 2020 more
512 1959 632 2036 Apsinis
662 1962 743 2021 velut
764 1981 793 2036 p.
817 1963 887 2022 333.
911 1962 966 2020 20:
1001 1943 1070 2019 οἷον
1092 1952 1122 2018 εί
1143 1954 1257 2038 λέγοις,
1287 1960 1359 2020 item
1382 1979 1412 2035 p.

245 2068 316 2130 334.
339 2069 368 2126 6.
392 2068 448 2137 28;
473 2066 543 2128 381.
567 2067 596 2123 2.

326 2186 355 2243 p.
379 2166 450 2228 376.
474 2169 513 2227 22
536 2166 598 2241 (70.
624 2166 670 2242 1);
705 2168 770 2226 Hoc
799 2166 862 2224 loeo
893 2165 1071 2224 enumeratio
1099 2163 1228 2240 partium
1257 2163 1412 2240 enthyme-

243 2274 355 2330 matum
382 2271 466 2330 uelde
492 2268 665 2345 perturbate
687 2272 738 2328 esi.
782 2270 827 2328 Ex
848 2286 882 2326 ea
901 2267 1029 2339 ratione,
1063 2285 1121 2344 que
1152 2267 1282 2344 singulae
1312 2271 1413 2343 paries

242 2373 321 2432 inter
343 2391 373 2431 se
394 2371 622 2446 subsequuntur,
655 2372 698 2430 iia
719 2370 902 2430 scribendum
923 2373 982 2430 est:
1011 2371 1078 2430 πᾶν
1100 2360 1272 2451 ἐνθύμημα
1293 2367 1414 2445 γίνεται

243 2469 264 2555 ἢ
285 2468 352 2533 ἀπὸ
374 2465 540 2543 ἐλάττονος
561 2467 582 2557 ἢ
604 2468 670 2533 ἀπὸ
691 2471 924 2552 παρακειμένου
952 2468 973 2556 ἢ
994 2466 1061 2532 ἀπό
1089 2467 1234 2550 μείζονος
1255 2466 1277 2554 ἢ
1298 2467 1412 2533 συλλο-

243 2576 386 2651 γιστικῶς
406 2569 427 2657 η’
450 2566 485 2634 ἐκ
502 2569 709 2657 διλημμότου,
733 2568 808 2637 όταν
831 2567 888 2637 δύο
911 2568 1039 2637 ἐναντία
1054 2573 1127 2644 θεὶς
1142 2567 1178 2646 ἐξ
1193 2571 1315 2654 ἀμφοῖν
1330 2567 1410 2658 έλης,

243 2674 264 2762 ἢ
286 2673 352 2738 eno*
373 2670 519 2739 ἐναντίον
542 2672 564 2760 ἢ
585 2670 619 2750 ἐξ
640 2671 824 2739 ἀκολούθου
854 2675 1097 2756 συλλογιστικῶς
1117 2672 1139 2761 ἢ
1160 2670 1226 2737 ἀπό
1245 2678 1309 2738 τῶν
1331 2672 1413 2737 ἀπο-

242 2774 366 2862 βάσεων
395 2783 460 2841 τῶν
489 2773 703 2860 ἐνδεχομένου
724 2775 746 2862 ἢ
767 2772 802 2840 ἐκ
823 2781 882 2842 τοῦ
908 2775 1134 2862 έκλειφθέντος
1162 2773 1283 2863 ἢκατά
1309 2770 1412 2860 πρόσ-
1463 2804 1467 2809 ·

244 2881 344 2968 ληψιν
366 2877 387 2967 ἀρ’
409 2877 474 2943 ἀπὸ
503 2879 611 2953 ου’σίας
637 2878 747 2966 ἢάπδ
774 2877 997 2966 παρελθόντος
1024 2877 1143 2966 χρόνου
1164 2878 1185 2966 ἢ
1207 2876 1242 2944 ἐκ
1268 2875 1371 2967 μάχης
1391 2875 1412 2965 ἢ

243 2981 321 3048 κατά
349 2980 535 3048 ἐναντίωσιν
563 2985 696 3068 κρίσεως
722 2978 854 3059 ἐνδόξου
882 2984 904 3074 η’
929 2982 964 3050 ἐκ
992 2987 1123 3070 κρίσεως
1148 2979 1281 3056 ἐνδόξου
1302 2980 1325 3070 ἢ
1345 2978 1413 3047 ἀπό

242 3089 403 3172 διαφοράς.
416 3090 565 3149 Nimirum
574 3091 605 3149 in
616 3091 1029 3168 enumerandisperiitionibus
1034 3092 1413 3170 librariorumneglegeniie

241 3194 326 3253 fueile
341 3193 509 3270 perimburi
529 3194 605 3253 loeus
625 3193 673 3252 vel
694 3212 784 3254 unum
805 3195 967 3254 alterumue
981 3195 1166 3254 omiiiiinter
1177 3212 1275 3254 omnes
1286 3196 1410 3254 constet.

325 3317 354 3372 p.
378 3298 450 3356 385.
463 3297 502 3356 23
526 3297 588 3371 (83.
602 3297 649 3370 4):
672 3291 718 3357 ‘H
734 3290 794 3374 μέν
815 3298 867 3373 (ει.
890 3290 1076 3380 ἀνάμνησις)
1099 3290 1155 3360 ἐπὶ
1176 3295 1258 3361 τέλει
1275 3292 1410 3361 ἔκθεσιν

242 3395 307 3477 ἔχει
337 3390 535 3481 κεφαλαιώδη
568 3399 633 3459 τῶν
668 3392 850 3482 ζητημάτων
879 3393 1030 3461 ἀπάντων
1057 3398 1112 3463 καὶ
1140 3395 1319 3485 ἀνάμνησιν
1345 3403 1411 3463 τῶν

241 3502 488 3586 προηγουμένων
510 3497 704 3572 ἀποδείξεων
725 3499 945 3581 κεφαλαιωδῶς
965 3500 1019 3564 καὶ
1039 3505 1102 3566 τῶν
1125 3502 1309 3582 ἀναγκαίων,
1331 3499 1353 3588 η’
1372 3497 1410 3566 δέ

241 3600 359 3686 μεταξδ
384 3602 547 3685 γιγνομένη
577 3595 756 3688 ἀνάμνησιν
784 3605 925 3685 περιέχει
952 3608 1015 3689 τῶν
1045 3602 1221 3684 ἀναγκαίων
1256 3606 1409 3671 πίστεων.

242 3709 452 3785 Corrigendum
473 3710 544 3782 puto
564 3706 705 3786 περιέχει
725 3709 788 3768 τῶν
809 3709 1055 3792 προηγουμένων
1076 3711 1227 3787 πίστεων,
1259 3712 1295 3772 ef.
1319 3732 1348 3771 v.
1371 3713 1409 3771 8:

243 3805 345 3891 ἕτεροι
370 3803 407 3871 δέ
436 3805 496 3892 ἤδη
524 3796 644 3887 μεταξδ
670 3811 734 3871 τῶν
765 3811 1068 3895 προειρημένων-
1089 3833 1127 3873 an
1154 3810 1412 3895 προηγουμένων,

241 3917 285 3976 ita
310 3919 345 3976 ut
375 3913 611 3996 προειρημένων
640 3913 714 3973 illud
744 3915 958 3992 interpretandi
984 3932 1070 3975 eausa
1096 3916 1187 3976 fuerit
1214 3918 1412 3975 annotatum?

206 4068 209 4073 .
247 4053 280 4061 —
292 4014 346 4077 καί
361 4018 424 4077 τῶν
437 4013 614 4093 ἀναγκαίων
624 4015 764 4077 πίστεων
786 4013 967 4101 ἀνέμνησαν
989 4021 1064 4079 τῶν
1086 4016 1410 4100 προηγουμένων

242 4116 508 4190 ἀποδείξεων.
552 4120 616 4179 Ηοο
637 4120 819 4194 vocabulum,
842 4124 921 4198 quod
942 4122 1020 4180 idem
1041 4125 1085 4181 εει
1105 4124 1193 4198 atque
1214 4119 1340 4190 πίστεις
1361 4115 1412 4181 ἐν·

242 4240 365 4299 τεχνοι,
399 4223 457 4281 iam
485 4223 562 4297 apud
583 4222 756 4298 Dionysium
778 4224 1061 4284 Halieemeseensem
1089 4224 1240 4284 invenitur
1265 4224 1346 4283 velut
1374 4225 1411 4283 de

242 4329 323 4386 Isaeo
344 4325 430 4390 iudie.
443 4344 467 4387 ο.
483 4327 539 4387 14;
569 4316 726 4406 τοιγάρτοι
746 4319 825 4406 μετά
846 4320 900 4394 τάς
921 4318 1081 4409 διηγήσεις
1100 4320 1155 4395 τάς
1177 4320 1275 4396 οὕτως
1294 4321 1411 4407 ᾠκονο-

241 4426 380 4511 μημένας
406 4423 509 4490 οάκέτι
535 4422 591 4498 τάς
617 4427 854 4511 προηγουμένας
875 4426 1053 4499 ἀποδείξεις
1070 4424 1202 4498 πολλοῖς
1228 4428 1413 4508 βεβαιοῦται

242 4523 364 4609 λόγοις,
386 4527 454 4593 οὐδ’
474 4527 563 4593 ἔστιν
585 4525 694 4613 ὅμοιος
713 4535 779 4602 τοῖς
799 4530 881 4601 νέοις
901 4526 1142 4614 τεχνογράφοις,
1169 4527 1250 4592 ἀλλά
1273 4525 1327 4601 τοὶς
1347 4531 1412 4591 τῶν
