3000 5108
750 630 901 720 *21-

241 818 273 875 16
294 815 494 875 artificialibus
515 816 575 890 ipse
598 812 711 874 dixerat
733 809 775 895 (p.
798 815 868 877 360.
893 814 961 890 18),
997 814 1177 890 paucissimis
1197 817 1295 895 verbis
1316 819 1342 878 ei
1363 819 1408 879 vi·

243 919 305 979 deri
331 919 402 978 satis
429 919 605 994 explanatas.
659 917 737 988 Quae
768 937 834 977 cum
862 919 906 978 ita
934 919 1011 988 sint,
1045 921 1134 992 caput
1160 913 1237 1001 περὶ
1268 914 1407 994 ἀτέχνων

241 1020 381 1082 πίστεων
403 1020 583 1082 intercidisse
602 1024 678 1096 puto
700 1023 729 1080 et
750 1022 839 1093 haec,
870 1040 944 1098 quae
966 1023 1055 1081 1666
1077 1023 1248 1096 supersunt,
1281 1040 1340 1081 esse
1361 1024 1408 1082 vel

240 1126 437 1201 fragmentum
458 1123 505 1182 vel
525 1121 557 1181 id
579 1124 670 1198 quod,
699 1144 765 1184 cum
786 1129 939 1201 praecepta
960 1124 1068 1185 arctius
1091 1123 1282 1197 definiantur,
1310 1127 1408 1200 potius
1456 1204 1459 1211 Ι

241 1227 376 1297 videtur,
405 1227 540 1300 excerpta
568 1243 603 1284 ex
633 1226 784 1301 deperdito
812 1228 915 1303 capite.
959 1228 1112 1304 Superesse
1144 1229 1243 1286 autem
1274 1232 1409 1304 excerpta

242 1349 276 1387 ex
296 1328 415 1404 Apsinis
436 1330 499 1387 arte
520 1327 552 1405 in
573 1324 671 1387 codice
693 1328 828 1389 Gudiano
849 1324 1009 1411 invenit).
1042 1328 1101 1388 Sed
1121 1346 1158 1387 ue
1180 1331 1268 1403 caput
1289 1330 1408 1405 quidem

240 1431 303 1493 acio
323 1427 454 1491 aeaeae
476 1425 654 1509 κεφαλαίων
675 1432 840 1492 absolutum
863 1436 922 1504 est;
957 1450 1050 1508 neque
1077 1430 1154 1490 enim
1175 1450 1210 1490 ex
1230 1446 1265 1491 66
1284 1431 1407 1503 ratione,

241 1553 298 1610 qua
319 1535 436 1595 dissent
458 1536 494 1593 de
514 1533 655 1610 legitimo,
679 1535 714 1593 de
724 1534 809 1607 iusto,
832 1536 868 1593 de
888 1535 964 1606 utili,
988 1537 1024 1595 de
1045 1534 1184 1611 possibili,
1208 1535 1408 1594 satisdemon-

240 1641 366 1698 stratum
388 1640 432 1697 est
453 1633 530 1717 περὶ
551 1628 693 1706 ἐνδόξου.
714 1637 849 1712 Accedit,
879 1641 957 1716 quod
978 1641 1014 1698 de
1035 1636 1211 1714 partitione,
1243 1654 1331 1712 quam
1359 1655 1408 1697 ex·

239 1741 336 1801 hibuit
356 1760 386 1816 p.
408 1743 480 1802 380.
503 1743 553 1812 24,
575 1733 613 1799 τὰ
634 1733 734 1819 σαφὲς
755 1743 850 1800 totum
870 1741 1109 1821 praetermissum
1132 1742 1185 1801 est.

324 1845 390 1905 Iam
410 1865 480 1907 uero
501 1848 607 1916 restat,
639 1847 672 1904 61
693 1846 907 1919 perscrutemur
929 1847 1017 1920 caput
1037 1842 1156 1920 epilogi.
1199 1843 1297 1918 Atque
1324 1860 1409 1919 pero·

240 1949 384 2009 rationem
405 1950 471 2008 vult
492 1947 615 2024 Apsines
637 1965 696 2006 esse
717 1946 882 2023 triplicem
912 1948 1019 2007 habere
1045 1947 1123 2006 enim
1145 1948 1219 2006 hanc
1240 1950 1270 2006 et
1291 1963 1409 2007 enume-

239 2052 381 2112 rationem
403 2056 433 2111 et
454 2051 733 2111 commiserationem
754 2054 784 2109 61
805 2050 937 2124 dinosin,
969 2069 1042 2128 quae
1063 2055 1206 2113 tractetur
1226 2052 1258 2109 in
1278 2050 1410 2131 amplifi-

240 2153 362 2215 catione.
406 2154 504 2229 Atque
525 2152 648 2228 primam
669 2156 798 2228 partem,
829 2171 916 2230 quam
945 2153 1039 2214 voluit
1066 2172 1125 2214 esse
1150 2154 1408 2231 enumerationem,

239 2258 373 2317 videmus
400 2275 465 2315 eum
491 2255 625 2331 persequi
645 2275 704 2316 uon
724 2256 820 2316 minus
841 2257 953 2332 copiose
974 2274 1061 2333 quam
1082 2257 1119 2315 de
1140 2257 1408 2332 commiseratioue;

240 2378 327 2437 quam
352 2363 450 2421 autem
470 2358 591 2418 tertiam
611 2358 718 2437 epilogi
738 2363 853 2434 partem
885 2360 1014 2434 dixerat,
1043 2378 1101 2419 non
1131 2361 1190 2419 iam
1212 2378 1247 2421 ea
1267 2364 1408 2437 superest,

240 2463 290 2522 sed
305 2462 414 2522 librum
426 2462 499 2522 artis
517 2460 678 2521 rhetoricae
699 2462 809 2523 claudit
831 2466 919 2539 caput
938 2455 1016 2544 περὶ
1030 2455 1169 2539 πάθους,
1192 2464 1270 2540 quod
1286 2463 1407 2538 68666-

239 2565 315 2642 gelio
336 2565 453 2641 quidem
483 2567 513 2623 et
534 2564 625 2624 Balrio
647 2565 753 2642 Apsini
775 2565 949 2644 abrogatur,
982 2567 1032 2627 sed
1054 2565 1086 2624 16
1107 2565 1253 2638 codicibus
1273 2564 1410 2624 omuibus

239 2670 306 2731 huic
327 2669 463 2745 scriptori
484 2670 561 2728 recte
583 2668 674 2728 tribui
695 2687 783 2744 supra
805 2670 930 2729 defendi.
961 2671 1052 2730 Estne
1072 2669 1126 2727 hoc
1149 2671 1238 2744 caput
1257 2668 1406 2745 fragmen·

240 2777 323 2834 tum?
351 2771 492 2848 Equidem
514 2790 572 2831 non
593 2773 673 2847 puto,
697 2790 762 2830 cum
783 2773 954 2848 pracsertim
974 2792 1067 2850 neque
1088 2774 1207 2834 initium
1227 2792 1320 2850 neque
1341 2774 1410 2834 finis

240 2877 428 2937 desideretur.
471 2876 616 2935 Affectum
638 2876 735 2932 autem
756 2877 870 2949 partem
890 2874 998 2953 epilogi
1019 2878 1211 2938 necessariam
1232 2895 1291 2938 esse
1312 2879 1408 2938 tradi-

239 2980 284 3039 dit
306 2978 502 3051 Quintilianus
523 2978 601 3053 (VII.
625 2979 653 3037 2.
678 2976 746 3052 20),
769 2996 835 3037 cum
857 2981 996 3052 adderet,
1018 2999 1048 3040 se
1068 2982 1145 3040 hunc
1168 2976 1338 3058 diligentius
1360 3000 1409 3041 ex-

237 3085 414 3160 plicaturum
442 3099 516 3152 esse,
550 3099 616 3140 cum
642 3081 678 3139 de
699 3081 924 3156 amplificatione
947 3083 1078 3144 dicturus
1099 3085 1189 3155 esset;
1223 3084 1309 3158 paulo
1341 3087 1409 3158 post

240 3189 269 3263 (5
292 3187 343 3261 24)
366 3188 479 3244 mouet:
519 3183 568 3241 »in
596 3184 650 3243 hoc
671 3185 854 3261 eloquentiae
875 3186 919 3246 vis
940 3189 999 3258 est,
1028 3190 1063 3247 61
1089 3186 1215 3245 iudicem
1242 3203 1301 3244 non
1321 3183 1353 3244 in
1374 3184 1407 3242 id
1467 3230 1472 3241 .

238 3289 357 3350 tanturn
378 3288 547 3364 compellat,
577 3286 608 3345 in
636 3289 715 3364 quod
741 3289 803 3365 ipsa
828 3289 871 3349 rei
892 3291 1001 3350 natura
1023 3290 1163 3360 ducetur,
1198 3289 1248 3347 sed
1277 3290 1329 3347 aut
1356 3287 1409 3363 qui

237 3413 296 3453 non
318 3395 361 3452 661
382 3395 434 3452 661
447 3393 587 3467 majorem
610 3376 707 3469 quam
719 3394 771 3462 est,
792 3391 882 3451 faciat
894 3393 1051 3452 adfectum.
1083 3394 1163 3453 Haec
1185 3394 1228 3452 est
1248 3391 1309 3462 illa,
1332 3409 1407 3467 quae

239 3497 375 3556 1166616
397 3499 526 3565 vocatur,
548 3494 633 3554 rebus
656 3494 794 3572 indignis,
816 3495 934 3573 asperis,
956 3496 1107 3557 invidiosis
1128 3496 1239 3555 addens
1258 3493 1320 3554 vim
1341 3511 1408 3552 ora·

238 3601 290 3672 tio,
313 3619 370 3676 qua
390 3599 502 3659 virtute
523 3601 638 3673 praeter
659 3597 730 3656 ahos
744 3598 902 3673 plurimum
912 3599 1119 3659 Demosthenes
1140 3597 1313 3659 6616116-
1327 3595 1408 3666 Quae

238 3705 262 3765 si
284 3703 547 3779 comparaverimus
576 3720 642 3760 cum
670 3700 724 3759 hoo
746 3700 863 3776 Apsinis
892 3702 927 3760 de
952 3703 1059 3762 affectu
1081 3701 1190 3776 capite,
1225 3719 1296 3758 num
1322 3699 1408 3758 dubi·

238 3805 365 3864 tabimus
386 3805 455 3880 hoc,
485 3823 550 3863 cum
573 3803 688 3864 omnino
710 3822 744 3863 ex
765 3803 877 3863 ratione
898 3806 1092 3881 exemplorum
1113 3807 1144 3863 et
1166 3803 1280 3862 dicendi
1301 3820 1407 3879 genere

238 3909 305 3968 huic
334 3909 445 3968 rhetori
475 3909 702 3969 adiudicandum
729 3908 785 3980 sit,
816 3912 984 3985 excerptum
1011 3928 1046 3969 ex
1072 3906 1163 3968 tertia
1190 3905 1297 3982 epilogi
1324 3907 1408 3980 parte

239 4013 411 4085 existimare,
434 4032 521 4088 quam
543 4032 573 4072 66
587 4015 782 4072 tractaturum
797 4012 941 4087 professus
963 4016 1006 4072 est
1028 4013 1059 4071 in
1080 4010 1164 4070 huius
1184 4007 1287 4084 capitis
1298 4006 1406 4067 initio?

238 4117 285 4176 lta
311 4117 389 4175 enim
415 4116 553 4176 facillime
579 4115 796 4192 rectissimeque
825 4113 944 4177 dissolvi
970 4118 1066 4191 potest
1087 4112 1217 4191 quaestio
1247 4110 1281 4169 de
1312 4110 1407 4186 capite

238 4209 376 4288 πάθους.
