3000 5108
670 511 820 603 *3⁵-

669 762 750 846 oup.
771 760 829 828 ιε.

250 885 313 943 Iam
340 904 393 962 ego
421 904 493 961 quae
518 886 627 961 profeci
647 887 685 945 ad
707 887 914 946 emendandam
935 885 1054 962 Apsinis
1075 884 1148 944 artis
1169 884 1329 944 orationem

164 988 207 1047 ita
227 987 258 1044 in
279 988 407 1046 medium
428 989 596 1064 prolaturus
616 1008 692 1061 sum,
723 993 771 1062 ut,
800 1008 873 1066 quae
894 990 952 1050 viri
974 987 1052 1048 dooti
1074 991 1260 1048 eorrexerrmt
1282 988 1329 1047 vol

164 1092 360 1167 tentaverunt,
382 1091 406 1150 si
427 1092 499 1152 mihi
519 1094 687 1168 probantur,
710 1094 825 1154 silentio
846 1096 1002 1154 transeam.

248 1230 276 1284 p.
300 1212 370 1272 337.
395 1214 412 1272 2
435 1214 476 1286 (8.
496 1215 535 1273 20
557 1214 607 1285 B):
624 1206 675 1271 Ἢ
694 1204 770 1272 ὅταν
791 1212 854 1273 τῶν
876 1206 921 1294 μη
943 1201 1069 1291 σφόδρα
1090 1208 1328 1288 πιστευομένων

163 1308 241 1389 περὶ
261 1303 405 1389 μεγάλων
426 1306 617 1393 πραγμάτων
639 1307 746 1399 εἰσίῃς.
790 1313 960 1392 Spengelius
988 1313 1063 1373 male
1091 1312 1211 1373 inclusit
1241 1306 1327 1374 ὅταν.

164 1418 332 1476 Ponendum
357 1418 389 1477 id
412 1435 470 1478 esse
491 1417 623 1478 videmus
644 1437 677 1479 ex
698 1436 767 1478 vooe
789 1417 934 1493 superiore
955 1434 984 1491 p.
1009 1417 1080 1476 336.
1104 1418 1147 1476 29
1166 1409 1271 1475 πολλοὶ
1293 1410 1329 1478 δέ

163 1519 293 1578 τοιαῦτα
324 1512 459 1601 ὁμογενῆ
487 1512 704 1603 προβλήματα·
735 1513 854 1602 ἢὸταν
875 1512 957 1599 πρός
977 1510 1156 1599 πρόσωπον
1178 1512 1266 1601 λέγῃς
1288 1554 1328 1564 -

162 1616 184 1706 ἢ
206 1617 281 1683 ὅταν
304 1617 398 1692 αὐτὸς
419 1618 462 1683 dr
484 1623 554 1692 νέος
583 1617 628 1692 εἰς
649 1616 835 1705 δικαστήρια
858 1615 1017 1704 εἰσίῃς-
1040 1614 1063 1702 ἢ
1085 1612 1171 1680 ὅταν.
1215 1621 1263 1680 Ad
1286 1641 1328 1693 ea,

163 1745 237 1803 quae
247 1731 406 1802 sequuntur
423 1727 486 1787 τῶν
504 1721 548 1809 μη
560 1719 687 1810 σφόδρα
704 1724 942 1802 πιστευομένων
964 1743 1093 1801 quaeque
1115 1743 1198 1784 sensu
1219 1729 1328 1798 aaroni,

162 1829 321 1888 Finokhius
343 1832 426 1889 caute
447 1830 563 1891 addidit
584 1826 638 1906 ὤν,
662 1850 721 1890 non
742 1830 827 1905 male,
850 1830 900 1889 sed
922 1846 956 1887 ea
976 1828 1023 1887 vel
1045 1827 1152 1887 similia
1168 1829 1246 1903 apud
1267 1828 1329 1903 Ap·

161 1931 253 1991 sinam
275 1931 324 1991 rix
345 1931 543 1997 invenirmtur.
576 1934 722 2009 Equidem
738 1932 912 1993 correxerim
930 1925 970 1999 ὥς
990 1925 1035 2014 μη
1057 1924 1184 2012 σφόδρα
1199 1944 1329 1991 πιστευ-

162 2026 277 2113 όμενος
297 2033 375 2116 περὶ
394 2055 428 2114 μ.
451 2053 499 2111 π.,
522 2053 595 2112 quae
617 2036 770 2096 firmantur
790 2056 820 2096 v.
843 2038 861 2096 8
884 2031 1052 2112 ἀναγκαῖον
1075 2029 1111 2096 δέ
1133 2026 1168 2095 έν
1188 2035 1232 2115 τῷ
1247 2027 1331 2112 ὑπέρ

161 2131 305 2216 μεγάλων
326 2131 383 2200 τόν
405 2134 508 2214 α’γῶυα
530 2125 620 2198 εἶναι.

246 2262 276 2318 p.
299 2242 401 2305 341.1
425 2244 487 2317 (15.
501 2245 519 2302 8
533 2242 586 2316 B):
609 2234 653 2301 Εἰ
672 2235 733 2319 μέν
755 2233 884 2321 ἐξαρκεῖ
900 2235 938 2301 τό
960 2236 1064 2316 α’λγεῐν
1087 2232 1144 2302 inl
1164 2242 1231 2309 τοῖς
1252 2253 1330 2318 συμ-

161 2335 341 2426 βεβηκόσιν,
367 2338 423 2404 uda
444 2338 535 2414 ἄξιον
549 2343 618 2421 μέν,
641 2344 750 2423 φέρειν
765 2340 793 2405 δ’
809 2338 906 2413 οὕτως
927 2337 1052 2426 ἀνάγκη·
1077 2337 1106 2403 εἰ
1122 2337 1158 2405 δέ
1171 2339 1225 2403 καὶ
1237 2361 1330 2420 τιμω-

165 2446 236 2528 ρίαν
256 2441 319 2529 χρη
341 2442 457 2526 λαβεῖν.
500 2440 622 2522 Οὕτως,
651 2449 729 2524 quod
751 2447 878 2507 rideri
900 2466 960 2507 osse
981 2448 1013 2505 in
1034 2448 1101 2507 Par.
1125 2448 1153 2505 A
1176 2446 1249 2505 dieii
1270 2446 1327 2504 Ba-

162 2550 236 2620 kius,
260 2549 385 2609 oomexit
406 2550 566 2610 Finokhius
587 2550 618 2608 in
640 2550 742 2611 oritioa
763 2550 815 2610 illa
836 2551 957 2626 epistola
978 2551 1009 2608 in
1031 2543 1127 2629 dung
1155 2568 1214 2608 non
1236 2553 1328 2619 roote3

161 2671 220 2711 non
241 2654 319 2711 enim
340 2654 438 2712 orator
459 2671 504 2712 res
525 2653 659 2713 adversas
680 2657 815 2729 oportere
827 2655 907 2713 omni
923 2652 1036 2712 ratione
1051 2650 1181 2720 tolerari,
1203 2652 1254 2710 sed
1270 2651 1329 2711 for-

161 2760 238 2815 tmse
259 2755 445 2829 perferendas
466 2773 526 2814 esse
548 2755 628 2826 dioit,
658 2756 726 2832 quia
747 2756 788 2814 sio
808 2755 916 2831 populo
938 2756 1061 2831 plaoeat.
1105 2755 1248 2830 Equidem
1269 2773 1330 2813 me·

161 2857 235 2916 mini
258 2888 296 2901 -
320 2858 371 2915 sed
391 2857 476 2917 έεοίλε
497 2857 582 2917 fallor
608 2892 641 2901 -
666 2861 744 2934 apud
763 2860 987 2919 Demosthenem
1009 2857 1103 2916 simile
1125 2857 1195 2933 quid
1217 2857 1330 2933 legisse,

160 2961 237 3018 unde
258 2960 312 3017 hoe
334 2960 396 3018 looo
417 2959 602 3018 scribendum
624 2965 682 3021 ost:
706 2961 815 3044 φέρειν
838 2958 866 3022 δ’
878 2954 952 3029 ἴσως
969 2952 1099 3044 οἷνάγκη.
1137 2963 1212 3020 Tum
1233 2979 1329 3019 amen-

75 3142 78 3149 Ι
161 3061 307 3122 daverim:
331 3053 360 3121 εἰ
381 3054 417 3121 δέ
437 3055 492 3144 μή,
514 3062 666 3142 τιμωρίαν
687 3058 750 3147 χρη
772 3059 891 3144 λαβεῖν,
915 3065 952 3127 of.
974 3085 1003 3140 p.
1028 3066 1098 3126 342.
1124 3065 1171 3124 13.

246 3183 275 3240 p.
295 3166 364 3226 341.
384 3167 403 3226 4
427 3165 491 3241 (15.
515 3167 553 3227 10
576 3168 628 3243 B):
651 3161 792 3228 Ὅπόταν
815 3161 851 3227 δέ
872 3166 992 3247 κρίνειν
1013 3160 1085 3229 τινοί
1105 3162 1218 3249 μέλλῃς
1237 3182 1331 3244 μετα-

159 3263 256 3353 βολῆς
276 3269 388 3349 καιροῦ
408 3263 570 3348 βελτίονος
579 3270 757 3353 γενομένης,
779 3255 816 3353 ἧς
827 3262 986 3352 πρότερον
1007 3264 1052 3354 μη
1071 3265 1168 3352 οὔσης
1183 3263 1241 3330 ουίι
1256 3262 1331 3350 η’δά-

159 3387 240 3433 νασο
255 3363 385 3451 κρίνειν,
410 3363 544 3451 άρμοσει
565 3387 618 3432 σοι
639 3367 750 3449 λέγειν.
794 3375 897 3434 Malim
919 3375 1016 3434 deleta
1035 3391 1105 3433 vooe
1126 3371 1240 3452 καιροῦ
1260 3367 1331 3451 βελ-

157 3468 263 3543 τίονος
283 3476 379 3554 legero
401 3491 467 3532 eum
483 3474 614 3535 Parisino
627 3477 655 3535 A
670 3472 846 3561 μεταβολῆς
866 3494 952 3545 τινος
973 3477 1150 3560 γενομένης.
1184 3478 1330 3537 Videntur

158 3580 236 3639 enim
258 3581 363 3649 verba,
395 3598 468 3655 quae
496 3579 671 3639 includenda
701 3597 817 3651 censeo,
847 3582 912 3638 orta
940 3598 999 3639 osse
1027 3598 1061 3640 ex
1082 3581 1270 3641 annotatione
1291 3581 1330 3639 ad

159 3684 322 3762 marginem
344 3683 500 3760 adseripta.
545 3683 622 3753 Quae
645 3683 669 3741 si
690 3702 759 3743 vera
779 3686 882 3753 essent,
905 3686 968 3741 tum
991 3686 1069 3743 oerte
1090 3684 1245 3743 dicendum
1267 3686 1331 3741 erat

160 3770 199 3846 οὗ
220 3777 380 3867 πρότερον
401 3779 446 3869 μη
468 3781 569 3855 ὄντος.
614 3785 726 3858 Confer,
750 3804 823 3862 quae
845 3789 1005 3862 sequuntur
1026 3806 1054 3847 v.
1076 3788 1112 3848 7:
1135 3776 1234 3844 πάλαι
1256 3782 1331 3844 δυσ-

157 3887 312 3970 χεραίνων
333 3890 399 3957 τοῖς
421 3880 648 3971 συμβεβηκόσι,
670 3888 732 3950 νῦν
754 3880 866 3969 ἐπειδὴ
887 3888 1000 3969 καιροῦ
1021 3879 1189 3970 ἐλαβόμην.

116 4042 122 4053 .
243 4014 272 4070 p.
296 3994 367 4055 341.
392 3995 429 4054 13
453 3994 515 4067 (16.
540 3995 558 4053 2
579 3991 632 4064 B):
654 3988 717 4052 Καὶ
738 3983 773 4051 έκ
794 3993 854 4052 τοῦ
874 3986 1133 4070 ἀπολογουμένου
1155 3982 1251 4073 βιάσῃ
1272 3984 1327 4049 λέ-

73 4066 85 4093 ·
158 4111 230 4171 γωυ.
273 4094 423 4154 Vooabulo
453 4086 550 4177 βιάσῃ
578 4094 720 4154 medelam
749 4095 867 4154 afferam
896 4095 1048 4156 scribendo
1078 4087 1208 4176 ἐργάσῃ,
1241 4094 1278 4154 ef.
1301 4113 1330 4169 p.

159 4200 231 4259 409.
255 4200 294 4258 26
321 4190 379 4280 την
407 4188 566 4279 βαρύτητα
595 4186 695 4256 πλείω
722 4188 854 4281 ἐργάσῃ,
887 4218 915 4273 1³·
944 4196 1016 4262 413.
1042 4200 1059 4260 7
1088 4191 1109 4280 ἦ
1138 4190 1174 4258 δέ
1204 4186 1331 4275 ἐργασία

161 4295 259 4361 αὐτοῦ
281 4294 359 4360 ἄλλο
380 4317 411 4358 τι
432 4291 574 4362 δυ’ναται.

244 4424 273 4479 p.
299 4405 371 4466 341.
385 4400 426 4465 24
450 4404 566 4478 (1315
589 4403 646 4479 B):
669 4395 820 4485 Αἷσγίνης
840 4403 958 4483 προῖκα
980 4395 1110 4483 έκόμισε
1132 4404 1223 4463 σῖτον
1245 4393 1332 4483 παραὶ
