2932 5054
797 370 833 428 16

230 556 307 637 περὶ
322 555 480 635 οἱφορμῶν
502 550 686 637 ῥητορικῶν,
711 554 764 615 καὶ
786 554 926 640 Ἀψίνῃ
955 555 1047 638 περὶ
1076 558 1312 638 προοιμίων
1340 556 1408 620 καὶ

229 659 412 721 πίστεων.
438 660 549 732 Nempe
564 660 669 717 horum
685 678 752 718 cum
767 661 888 737 quisquc
905 665 999 721 artem
1012 663 1170 721 oratoriam
1184 662 1408 739 composuisset,

230 783 279 823 eae
301 765 385 822 modo
407 764 524 837 partes,
557 779 631 836 quae
660 781 730 835 prae
758 764 861 822 ceteris
882 759 1048 822 rhetoribus
1070 767 1147 840 apud
1170 765 1235 823 illos
1256 765 1410 842 ingeniose

229 866 442 932 tractabantur,
467 882 509 933 eo,
533 882 619 937 quem
643 865 712 935 dixi,
743 867 805 924 loco
827 844 1064 925 nominabantur.
1109 865 1213 940 Itaque
1235 864 1272 922 ab
1294 865 1410 939 Apsine

229 969 377 1044 prooemia
395 972 424 1026 et
441 967 673 1025 confirmationes
688 967 839 1026 universae
856 969 1084 1042 praeclarissime
1106 968 1261 1045 indagatae
1285 962 1408 1041 suut.⁴⁵)

314 1073 416 1146 Neque
437 1089 505 1129 vcro
528 1071 605 1128 inter
626 1072 768 1151 aequales
782 1091 874 1146 noque
896 1072 973 1131 inter
995 1091 1052 1144 cos,
1077 1073 1240 1149 quipostca
1257 1073 1317 1131 arti
1340 1073 1410 1132 rhe-

229 1176 338 1234 toricae
360 1192 478 1248 operam
499 1174 617 1243 dabant,
641 1174 805 1244 defuerunt,
840 1175 948 1249 quide
970 1176 1054 1235 huius
1077 1176 1225 1251 scriptoris
1247 1176 1334 1234 laude
1357 1178 1425 1235 de··

228 1279 388 1336 traherent.
439 1276 586 1335 Nimirum
618 1277 690 1334 artis
722 1276 921 1336 definitionem
960 1277 1092 1337 nonnihil
1125 1279 1347 1352 permutaverat
1380 1280 1411 1337 et

229 1383 403 1450 correxerat,
426 1380 502 1437 unde
519 1378 564 1436 illi
579 1378 785 1450 abhorrebant,
810 1380 859 1455 qui
881 1386 1064 1441 consuessent
1085 1400 1145 1440 nou
1166 1383 1266 1456 suopte
1289 1380 1410 1456 ingenio

229 1486 292 1554 uti,
323 1486 373 1542 sed
393 1482 579 1541 tritissimum
603 1483 731 1558 quidque
753 1483 891 1557 amplecti
912 1486 1002 1558 atquc
1024 1484 1107 1559 quasi
1128 1483 1239 1542 addicti
1262 1483 1293 1539 in
1316 1484 1411 1543 verba

229 1588 437 1665 magistrorum
454 1585 560 1648 iurare.
605 1585 805 1645 confitebatur
828 1585 946 1660 quidem
968 1586 1018 1643 ille
1040 1587 1070 1643 in
1083 1587 1178 1661 primo
1190 1587 1410 1661 prooemiorum

230 1689 343 1763 capite,
379 1706 445 1745 cum
467 1688 606 1765 magister
638 1709 706 1747 suus
735 1708 825 1748 novas
853 1689 1030 1762 prodidisset
1051 1689 1191 1749 orationis
1222 1690 1410 1763 incipiendae

229 1790 367 1859 rationes
391 1791 487 1864 ipsum
510 1809 539 1848 se
561 1791 673 1866 aliquid
695 1793 869 1850 collaturum
892 1809 952 1850 esse
973 1793 1011 1850 ad
1025 1792 1165 1852 maiorem
1177 1794 1410 1870 amplioremque

229 1896 301 1955 artis
330 1893 605 1953 exaedificationem.
649 1895 754 1971 Itaque
783 1895 963 1970 prooemium
996 1894 1136 1954 orationis
1165 1895 1303 1970 cuiusque
1333 1897 1412 1955 sumi

229 2017 312 2075 posse
334 1997 407 2056 dicit
429 2015 463 2055 ex
485 1998 571 2056 rebus
593 1998 745 2070 similibus,
769 2015 841 2074 quae
863 1999 1017 2056 versentur
1039 2000 1086 2057 vcl
1107 1999 1138 2056 in
1160 2016 1258 2056 rerum
1281 1999 1411 2058 circum·

231 2102 341 2162 stantia
368 2102 416 2161 rel
443 2100 475 2157 in
497 2103 604 2160 eventu
632 2094 683 2159 vel'
705 2101 736 2158 in
759 2118 949 2176 personarum
972 2102 1114 2176 qualitate
1147 2102 1194 2160 vel
1215 2101 1246 2158 in
1267 2103 1411 2165 moribus.

231 2205 286 2264 His
307 2209 406 2264 autem
428 2202 614 2279 perlustratis
636 2203 738 2262 scribit
755 2203 879 2278 Apsines
902 2223 930 2278 p.
946 2206 1016 2263 336.
1031 2206 1069 2264 20
1083 2204 1148 2278 Sp:
1172 2194 1283 2262 ἕπεται
1304 2199 1412 2287 τούτῳ

231 2300 307 2389 ἑξῆς
330 2298 509 2388 ὁλοκλήρως
530 2301 607 2387 περὶ
629 2298 887 2367 ἀντιπιπτόντων
910 2298 1014 2365 εἰπεῖν
1037 2297 1094 2365 ἐπὶ
1115 2300 1232 2367 πλέον
1259 2303 1412 2377 διεξελ-

231 2401 378 2485 θόντα,
402 2403 423 2491 ἢ
443 2411 527 2478 τοῖς
548 2405 627 2490 προ
647 2402 758 2490 ἡμῶν
780 2404 857 2489 περὶ
872 2403 1411 2483 udrdvtetexcac.—Atquererum

230 2511 470 2580 novamviam,
494 2528 582 2586 quam
598 2511 744 2589 ingressus
764 2515 836 2583 crat,
860 2530 925 2570 cum
947 2531 1006 2570 uon
1028 2513 1177 2573 dubitaret
1198 2514 1343 2589 persequi,
1367 2534 1412 2576 se-

138 2640 141 2645 ·
231 2617 325 2674 cundo
347 2614 420 2674 artis
442 2615 537 2689 capite
552 2615 678 2673 alienam
693 2616 852 2691 ceterisque
868 2615 1039 2673 inusitatam
1061 2607 1280 2683 καταστάσεως
1301 2636 1412 2693 propo·

232 2719 292 2777 suit
313 2719 520 2777 definitionem.
566 2720 684 2779 Etenim
706 2739 771 2778 cum
794 2720 1012 2796 Hermogenes,
1045 2718 1126 2777 cuius
1156 2719 1281 2795 vestigia
1308 2738 1412 2780 omues

230 2822 291 2879 fere
311 2821 441 2880 rhetores
463 2822 632 2897 posterioris
661 2823 765 2881 aetatis
793 2826 905 2882 secutos
937 2841 997 2881 esse
1018 2820 1135 2881 scholiis
1156 2823 1308 2891 docemur,
1339 2842 1411 2897 pro-

231 2924 388 2983 catastasiu
419 2925 503 3000 qnasi
531 2927 681 3001 quandam
711 2919 910 2983 narrationem
942 2943 1001 2984 esse
1029 2924 1218 2999 profiteretur
1246 2926 1315 2982 ante
1345 2943 1411 2985 eam

230 3025 451 3099 proferendam,
486 3045 575 3103 quam
604 3046 671 3088 vere
693 3046 726 3087 ec
748 3028 864 3087 nomine
886 3029 1083 3104 appellarent,
1118 3025 1149 3083 in
1171 3043 1261 3101 caque
1283 3028 1409 3100 narrari,

232 3148 305 3206 quae
326 3130 394 3190 ante
416 3147 543 3202 eausam,
567 3132 601 3189 de
620 3148 678 3205 qua
689 3135 833 3206 ageretur,
858 3132 1040 3201 accidissent,
1062 3129 1411 3206 Apsiuesprocatastasiu

231 3233 443 3307 interpretatus
461 3236 504 3293 est
522 3232 563 3307 (p.
575 3233 649 3306 348)
666 3236 905 3309 argumentorum
920 3233 1091 3310 ingressum,
1114 3251 1172 3309 qua
1186 3234 1411 3307 praeparatione
1446 3296 1449 3301 ,

231 3352 333 3394 causae
344 3336 608 3411 praemunirentur.
644 3334 726 3404 Quod
736 3336 786 3395 ille
800 3335 892 3413 igitur
908 3354 962 3407 res,
985 3344 1060 3412 quac
1074 3355 1159 3397 verae
1178 3337 1412 3397 confirmationis

232 3453 335 3510 essent,
358 3439 389 3497 iu
411 3457 476 3498 eam
489 3438 703 3513 procatastasin
719 3438 864 3497 referebat
885 3439 972 3514 idque
994 3443 1074 3499 rccte
1096 3458 1125 3499 se
1146 3440 1253 3499 habere
1276 3459 1310 3499 cx
1332 3442 1411 3516 opti·

232 3560 345 3600 mcrum
368 3544 520 3601 oratorum
541 3535 645 3623 usu47)
675 3543 776 3603 multis
799 3543 936 3618 exemplis
960 3542 1194 3618 demonstrabat,
1225 3546 1361 3604 nonnulli
1384 3547 1410 3605 ci

232 3645 350 3704 crimini
360 3647 520 3715 vertenmt,
544 3644 591 3703 cui
613 3646 656 3703 rei
674 3647 847 3705 documento
870 3651 914 3705 est
930 3645 1071 3705 scholium
1092 3647 1124 3706 iu
1140 3648 1276 3707 omnibns
1288 3648 1411 3726 Apsiuis

232 3747 380 3807 codicibus
405 3749 522 3820 praeter
544 3746 709 3807 Parisinmn
731 3749 825 3820 illum,
849 3769 937 3826 quem
958 3749 1037 3809 infra
1058 3751 1124 3808 Par.
1141 3749 1169 3807 A
1186 3750 1409 3827 appellabimus,

230 3849 441 3925 interpolatum
468 3869 498 3924 p.
528 3851 599 3910 368.
624 3853 661 3910 21
693 3852 744 3926 Sp.
774 3854 814 3929 (p.
840 3857 889 3916 57.
916 3859 954 3917 10
976 3856 1078 3929 Baka:
1115 3846 1216 3932 »ὅπερ
1246 3846 1412 3915 αἰτιῶνται

230 3951 379 4036 Ἀψίνην,
404 3944 453 4010 ὅτι
475 3942 510 4010 ἐν
532 3944 723 4013 καταστάσει
745 3948 875 4040 τοιαύτῃ
896 3959 994 4034 (scrib.
1016 3947 1181 4036 τοιαύτην)
1200 3947 1327 4038 γνώμην
1344 3948 1410 4027 ἒξε-

230 4050 326 4129 τάζει·
358 4048 445 4114 τοῦτ’
467 4045 538 4114 ἐστὶ
559 4048 596 4113 το
617 4057 737 4135 χρῶμα,
775 4051 857 4139 ὅπερ
879 4052 948 4119 ἔστι
969 4059 1033 4118 τῶν
1055 4049 1268 4135 πραγμάτωντ
1303 4057 1335 4115 id
1365 4062 1413 4119 cst

231 4156 437 4228 ἀποδείξεων.
468 4158 577 4228 Quodsi
599 4159 650 4216 illc
671 4159 702 4216 in
724 4160 781 4218 fine
802 4162 988 4237 quaestionis,
1011 4178 1085 4236 quac
1103 4160 1206 4218 ceteris
1229 4177 1306 4219 nova
1327 4160 1412 4219 vidc-

231 4264 328 4335 batnr,
358 4261 500 4336 copiosius
521 4263 746 4331 demonstratae,
779 4261 850 4337 qnid
873 4262 989 4332 sentiat,
1021 4261 1128 4335 repetit
1150 4265 1180 4319 ct
1201 4262 1314 4332 definit,
1344 4261 1412 4336 hoc,
