3000 5108
92 678 170 736 μους
191 657 244 722 καῖ
265 654 302 720 ιδ
323 661 421 742 μῆκος
441 661 500 719 τοῦ
521 656 606 721 πλοῦ
630 654 678 720 ὅτι
700 652 906 739 ἐνεθυμεῖτο,
940 658 993 722 καὶ
1014 655 1120 723 πάντα
1142 700 1184 711 -
1206 664 1259 727 καὶ

93 755 190 830 οὕτως
209 755 427 845 μεταβήσεται.
473 764 542 823 Post
563 759 721 841 πολέμους
749 765 1014 839 interpungendum
1044 783 1103 825 esse
1130 770 1200 840 puto
1230 768 1259 824 et

93 866 310 942 corrigendum:
343 863 396 925 καί
426 857 463 925 τδ
493 865 592 948 μήκος
620 867 679 926 τοῦ
715 861 799 926 πλοῦ
830 857 946 926 τούτου
983 857 1170 946 ἐνθυμεῖται
1205 865 1258 929 καὶ

10 962 12 971 '
92 959 196 1026 πάντα
218 964 284 1030 κτλ.

174 1090 202 1144 p.
226 1074 297 1133 411.
321 1073 359 1131 28
383 1073 465 1144 (122.
492 1071 558 1146 16):
589 1065 625 1130 Ὁ
653 1067 689 1132 δὲ
711 1063 823 1138 Νικίας
853 1063 990 1147 ἔμπαλιν
1023 1060 1097 1149 ἐρεῖ,
1128 1064 1176 1131 ὅτι
1205 1070 1258 1133 καὶ

90 1165 180 1242 ἔδοξε
211 1171 264 1232 καὶ
293 1172 389 1232 ταυτα
426 1168 524 1232 αὐτοῦ
556 1168 772 1248 ἀντιλέγοντος
802 1171 855 1233 καὶ
884 1168 1137 1252 ἀποτρέποντος.
1172 1166 1259 1239 τίςδ

27 1260 31 1265 ’
91 1268 180 1349 λόγος
202 1293 254 1335 σοι
275 1270 372 1335 ἔσται.
418 1276 528 1334 Balrius
550 1277 722 1351 interposuit
742 1277 884 1343 τοιοῦτος
905 1278 972 1333 aute
991 1267 1047 1342 τίς.
1091 1276 1183 1345 Male3
1207 1277 1257 1333 sed

90 1382 156 1452 post
187 1372 277 1448 ἔδοξε
307 1379 574 1455 interpungundum
606 1380 665 1448 est,
697 1382 760 1438 tum
790 1379 974 1437 inserendum
1007 1372 1076 1460 εἴση
1106 1383 1173 1438 ante
1201 1378 1255 1447 τίς.

90 1480 204 1538 Dantur
225 1481 301 1538 enim
322 1481 376 1539 hoc
397 1482 460 1540 loco
482 1484 637 1556 praecepta
657 1481 847 1552 scholiastiea,
876 1483 1019 1557 quomodo
1041 1481 1072 1538 in
1093 1482 1169 1541 ludis
1191 1484 1256 1541 rhe-

88 1581 190 1640 toricis
211 1586 309 1657 partes
330 1584 487 1643 defensoris
510 1588 539 1644 et
560 1583 736 1643 accusatoris
757 1583 817 1642 sint
838 1583 1064 1645 distribuendae.

105 1761 108 1765 ι
173 1684 237 1742 Iam
263 1687 294 1745 in
314 1686 433 1761 Apsinis
454 1690 518 1745 arte
540 1705 606 1744 oum
634 1688 728 1745 multa
755 1688 891 1761 corrupta
923 1705 981 1747 esse
1010 1688 1156 1759 ridemus,
1190 1694 1254 1748 tum

88 1788 324 1864 interpolationes
335 1791 520 1864 reperiuntur
532 1790 658 1848 crebrae.
685 1790 784 1864 Atque
803 1790 903 1848 doctas
925 1790 1064 1865 quasdam
1079 1791 1187 1867 glossas
1208 1810 1255 1850 eas

89 1890 168 1961 dico,
202 1910 274 1966 quae
304 1909 363 1950 non
389 1897 451 1951 tam
480 1910 514 1950 ex
534 1891 589 1949 hoc
611 1891 696 1949 illove
718 1891 781 1950 loco
804 1909 891 1966 quam
914 1910 947 1949 ex
968 1897 1139 1967 argumento
1161 1894 1253 1953 totius

87 1992 156 2050 libri
185 1994 232 2052 vel
260 1994 385 2052 aliorum
411 1994 552 2053 librorum
579 2012 618 2073 ex*
633 1993 756 2052 lectione
777 2013 810 2051 ao
833 1994 999 2070 cognitione
1022 2002 1155 2072 sumptae
1177 2002 1253 2058 sunt.

172 2096 261 2153 Velut
282 2115 311 2170 p.
336 2098 405 2157 344.
432 2099 469 2157 10
492 2096 639 2169 (20.16):
662 2089 740 2155 Ἐἀν
763 2090 801 2155 δέ
818 2113 899 2155 ποτε
921 2092 1124 2178 ἀναγκασθῇς
1144 2093 1253 2158 κοινδν

88 2195 257 2273 προοίμιον
289 2191 393 2257 εἰπεῖν
400 2241 409 2274 ,
442 2190 501 2279 τήν
530 2191 727 2279 κατασκευήν
758 2193 859 2257 αὐτοῦ
886 2191 969 2258 ἰδίαν
991 2191 1151 2280 πρόσαγε,
1183 2183 1253 2259 οἶον

87 2295 163 2379 περὶ
191 2292 332 2377 μεγάλων
358 2293 490 2382 ἥκομεν·
522 2298 589 2377 [καί
611 2294 632 2382 η’
653 2293 833 2381 κατασκευή
863 2294 928 2360 ίδία
951 2300 1133 2383 προσετέθη
1157 2295 1197 2370 οῖς
1218 2294 1252 2361 ἒν

86 2403 129 2482 τῷ
150 2400 227 2482 περὶ
248 2396 374 2485 εἰρήνης
394 2396 605 2483 Ἰσοκράτους·
629 2397 712 2462 ὅπου
733 2395 791 2482 γάρ
811 2398 888 2482 περὶ
917 2398 1058 2482 πολέμου
1087 2401 1141 2464 καὶ
1169 2397 1253 2486 εἰρή-

86 2523 150 2586 νης,
173 2497 315 2581 μεγάλα].
358 2506 438 2564 Haec
458 2506 634 2581 interpolata
656 2508 725 2565 sunt
745 2524 779 2564 er
800 2509 972 2582 argumento
994 2507 1142 2578 orationis,
1166 2525 1252 2582 quam

85 2606 156 2665 feeit
177 2608 318 2667 Isocrates
340 2609 376 2666 de
396 2626 477 2684 pace.

169 2729 197 2784 p.
209 2713 280 2771 354.
295 2715 332 2773 14
345 2713 408 2786 (35.
424 2712 488 2786 17):
511 2695 590 2771 Οἶον
604 2704 644 2779 ἀς
667 2702 717 2788 [ἕν
729 2709 773 2791 τῷ
785 2703 932 2790 Ἕρμωνι
946 2705 1080 2793 Ἀψίνης
1100 2705 1122 2794 ri*
1137 2704 1249 2786 πάλιν]

85 2804 120 2871 ἐν
143 2803 254 2893 ἐκείνη)
279 2815 322 2894 τῷ
345 2806 504 2896 ζητήματι.
549 2816 629 2873 Ηεεε
651 2813 761 2872 Belius
788 2818 865 2872 recte
894 2833 927 2873 ex
958 2817 1089 2875 oratione
1118 2816 1250 2878 semovit.

86 2916 224 2990 Apsinem
246 2915 322 2975 enim
354 2917 514 2975 orationem
545 2917 581 2973 de
603 2916 762 2983 Hermone,
797 2916 847 2990 qui
878 2917 957 2974 idern
979 2936 997 2975 a
1018 2918 1185 2976 Minuciano
1208 2922 1249 2997 (p.

85 3023 155 3083 418.
180 3023 217 3080 21
242 3020 390 3096 Spengel.)
410 3020 557 3089 laudatur,
580 3018 695 3077 finxisse
717 3037 837 3093 eamque
858 3020 895 3077 ab
917 3019 1011 3078 neseio
1034 3039 1091 3095 quo
1114 3022 1248 3080 collatam

84 3140 144 3180 esse
169 3139 257 3196 supra
287 3121 397 3178 <lictum
419 3125 471 3182 est.
515 3121 597 3178 Idem
629 3118 816 3180 statuendum
839 3124 882 3180 est
904 3123 939 3181 de
961 3123 1024 3181 loco
1046 3139 1111 3197 pag.
1136 3125 1205 3182 355.
1231 3126 1249 3181 6

84 3225 145 3296 (36.
170 3227 234 3296 201:
264 3220 317 3284 nol
337 3214 436 3282 πάλιν
459 3214 511 3282 ἐπ’
532 3214 669 3282 ἐκείνου·
691 3215 821 3283 Σκύθαι
842 3214 941 3284 πόλιν
961 3219 1097 3306 ᾤκησαν,
1121 3223 1175 3285 καὶ
1197 3244 1248 3284 νο-

84 3319 225 3387 σούντων
256 3322 344 3395 ἀξιοῖ
367 3344 413 3394 τις
441 3322 642 3402 ἀφίστασθαι
671 3325 726 3406 τῆς
754 3317 891 3395 πόλεως·
923 3324 989 3402 [καὶ
1019 3318 1077 3402 γάρ
1105 3317 1248 3388 ἐνταῦθα

82 3428 125 3510 τῷ
147 3421 226 3487 κατά
247 3424 447 3499 ἀντεξέτασιν
469 3425 602 3511 Ἀψίνης
623 3418 806 3507 ἐχρήσατο]

167 3555 196 3608 p.
219 3538 291 3596 355.
315 3537 352 3595 21
377 3536 439 3610 (37.
465 3534 532 3607 14):
566 3525 753 3605 [Κάνταῦθα
781 3522 961 3610 σύμμετρος
982 3524 1003 3610 ή
1024 3524 1164 3614 διήγησις
1185 3535 1248 3593 τοῖν

83 3636 330 3716 πεπραγμένων,
353 3634 406 3696 καί
428 3629 526 3694 πάλιν
549 3627 589 3702 οἷς
610 3626 661 3692 ἐπ’
683 3623 822 3708 ἐκείνου,
845 3626 925 3711 μετά
945 3625 1003 3710 τήν
1025 3624 1116 3715 νίκην
1139 3628 1248 3716 δἙρ-

80 3729 238 3819 μοκροὶτης
259 3730 373 3817 γράφει
394 3729 446 3797 ἐπ’
466 3728 604 3815 Ἀθήνας
625 3731 744 3808 πλεῖν].
780 3736 864 3794 Hanc
883 3735 1084 3809 repetitionem
1102 3739 1246 3813 praecept

81 3860 109 3902 v.
136 3843 174 3900 14
196 3841 343 3911 habemus,
366 3847 431 3901 tum
452 3839 614 3915 exemplum
634 3839 746 3898 factum
768 3857 802 3896 ex
822 3859 850 3900 r.
877 3837 924 3900 16.

165 3962 193 4016 p.
217 3944 287 4003 356.
313 3944 329 4001 7
352 3944 415 4019 (38.
440 3944 508 4019 l3lz
530 3936 586 4010 Ὡς
608 3932 657 4018 [ἓν
679 3940 723 4020 τῷ
744 3931 928 4019 Λυσάνδρῳ
948 3932 1091 4023 Ἀψίνης,
1113 3932 1246 4002 Λυσαν-

82 4040 155 4123 δρος
176 4037 276 4125 ἀρχήν
298 4037 468 4114 ἀποδείξας
489 4039 603 4127 καλήν·
626 4037 647 4126 δή
669 4035 780 4116 πάλιν]
804 4033 856 4102 ἐπ’
885 4032 1018 4103 ἐκείνου.
1064 4045 1175 4104 Similis
1204 4049 1247 4104 ost

80 4145 151 4203 haec
172 4145 359 4220 interpolatio
381 4166 410 4221 p.
434 4149 505 4209 354.
532 4149 580 4207 15.
624 4146 690 4204 Huc
719 4146 888 4203 referendus
919 4148 961 4203 est
991 4146 1078 4204 etiam
1099 4147 1146 4204 hic
1168 4147 1247 4205 locus

80 4267 110 4322 p.
134 4250 203 4308 358.
229 4251 266 4306 15
290 4249 352 4323 (41.
377 4249 443 4323 21):
477 4243 545 4325 [Ὡς
572 4243 632 4331 ἔφη
661 4243 795 4329 Ἀψίνης
815 4238 851 4306 ἓν
872 4247 915 4327 τῷ
937 4239 1016 4305 κατά
1038 4245 1177 4307 Μειδίου
1198 4264 1244 4323 γε·

79 4347 246 4431 γενήσθαι,
268 4340 445 4435 ἐπειδήπερ
466 4346 595 4430 ἔμελλεν
617 4343 715 4413 αδτάν
737 4340 969 4429 {remptricem}
1013 4350 1057 4408 Ex
1075 4350 1128 4407 hae
1148 4352 1245 4409 autom
