3000 5108
735 521 773 578 27

682 604 832 611 Ι----------

172 712 291 783 ruptum
313 727 405 784 neque
428 728 493 767 cum
514 708 606 767 Bahio
627 710 658 766 in
680 701 794 775 αάτοάς
815 725 906 782 neque
930 726 994 765 cum
1016 704 1158 765 Finohhio
1185 705 1217 763 in
1239 699 1338 786 αάτὴν

172 809 283 867 mutari
306 810 403 880 (lebet,
436 811 486 869 sed
508 810 690 868 scribendmn
712 813 755 868 est
777 811 858 883 σῖτα,
882 811 919 870 cf.
943 829 970 884 p.
995 811 1065 869 354.
1081 811 1136 867 30:
1161 802 1200 866 οά
1219 807 1340 884 πέμπει

171 904 228 970 τάν
258 913 348 970 σῖτον
378 905 396 970 ἀ
422 903 567 972 Λεύκων.
616 912 710 980 Σίτος
743 916 839 970 autem
871 912 917 971 vel
947 913 1018 970 σῖτα
1051 928 1084 968 ea
1118 909 1337 986 intelleguntur,

172 1032 245 1091 quae
267 1017 304 1073 ad
326 1016 436 1074 victum
457 1016 660 1090 quotidianum
681 1015 837 1088 pertinent,
861 1016 896 1074 cf.
922 1016 1066 1087 Harpocr.
1089 1031 1112 1073 s.
1134 1031 1163 1073 v.
1186 1014 1281 1080 σῖτος.

256 1163 284 1219 p.
308 1145 378 1205 357.
403 1146 421 1204 3
443 1144 505 1217 (39.
531 1145 568 1203 18
591 1145 642 1219 Β);
679 1136 724 1201 Τά
744 1137 803 1220 μὲν
828 1131 884 1204 oric
911 1138 1024 1224 πρώην
1056 1140 1223 1223 κεκριμένα
1255 1135 1339 1210 ὅπως

171 1239 291 1325 δήποτε
322 1238 433 1322 ἔσχεν,
465 1241 580 1327 ἀφίημι
609 1244 662 1306 καὶ
693 1243 732 1306 orl
753 1242 828 1321 λέγω
850 1247 944 1306 τοῦτο
969 1238 1017 1304 ὅτι
1038 1236 1143 1302 πολλοὶ
1165 1241 1218 1303 καὶ
1238 1262 1339 1323 παρα-

169 1347 360 1416 πεισθέντες
380 1339 533 1416 πολλάκις
555 1343 695 1428 έπραξαν
718 1347 877 1424 δικασταί,
908 1344 981 1408 οὔτε
1003 1341 1048 1416 εἰς
1069 1349 1165 1408 τοῦτο
1187 1346 1340 1428 φέροντες

88 1508 92 1521 ,
169 1450 283 1513 δίκαια.
327 1453 390 1510 Ηοο
420 1452 482 1510 loco
512 1470 570 1508 non
602 1470 666 1509 eum
689 1452 781 1510 Bakio
802 1453 888 1512 lectio
911 1451 1087 1512 deteriorum
1109 1450 1243 1509 codicum
1264 1451 1338 1508 rcci-

169 1556 277 1631 pienda
306 1558 350 1613 est
380 1555 460 1612 velut
482 1547 622 1627 ἔγνωσαν
653 1574 705 1629 pro
736 1549 897 1635 ἔπραξαν,
932 1555 1068 1630 quoniam
1101 1556 1178 1629 apud
1200 1554 1339 1628 Apsinem

168 1658 263 1716 multa
283 1657 341 1714 alie
363 1657 398 1714 ab
420 1675 475 1714 usu
495 1656 615 1715 solemni
632 1656 819 1716 abhorrentia
836 1658 1031 1732 reperiuntur.
1066 1662 1123 1720 Sed
1138 1661 1250 1737 corrigo
1267 1655 1340 1720 οὔτε

167 1751 214 1827 εἰς
234 1760 329 1819 τοῦτο
351 1758 436 1838 φέρω
457 1751 496 1816 τά
517 1757 632 1836 δίκαια,
655 1760 751 1830 idest,
775 1760 932 1835 quaemihi
953 1765 1039 1820 antea
1060 1763 1229 1821 acciderunt
1251 1782 1337 1838 quae-

168 1880 225 1937 que
247 1862 357 1921 iudices
378 1863 452 1921 male
475 1881 557 1936 saepe
579 1862 795 1933 iudicaverunt,
828 1863 932 1921 omitto
963 1882 1055 1938 neque
1078 1865 1168 1922 adid
1191 1865 1241 1939 (sc.
1264 1867 1339 1924 male

166 1964 328 2023 iudicatum
357 1965 427 2039 osse)
456 1982 552 2023 meum
582 1966 626 2023 ius
654 1966 779 2024 confero.
823 1965 917 2024 Ocdex
940 1967 1091 2026 Gudianus
1120 1987 1195 2026 unus
1216 1969 1336 2043 praebet

167 2060 208 2125 τά
228 2064 343 2128 δίκαια.

252 2210 281 2264 p.
305 2192 375 2250 358.
401 2191 439 2249 30
463 2190 526 2263 (42.
552 2193 618 2265 14);
646 2189 749 2250 Ταῦτα
766 2181 825 2272 γάρ
839 2184 1051 2269 ’ἀπογραφικά
1073 2188 1222 2252 καλεῖται.
1267 2194 1336 2253 Stu-

118 2338 121 2343 .
167 2292 237 2367 pide
257 2292 328 2349 haec
350 2295 392 2350 est
414 2293 549 2366 repetitio
578 2294 733 2368 superioris
760 2294 816 2351 loci
839 2314 867 2352 v.
892 2296 949 2353 29:
982 2286 1169 2373 ἀπογραφάς
1197 2288 1232 2354 δὲ
1263 2289 1339 2369 λέγω

168 2389 207 2455 τά
228 2395 367 2473 τοιαῦτα,
391 2397 512 2472 ideoque
535 2397 719 2454 includenda.

253 2534 281 2589 p.
298 2518 369 2575 360.
383 2518 422 2574 24
441 2516 504 2589 (45.
519 2517 565 2591 hl:
588 2507 729 2584 Ἀδόξοις
750 2517 816 2583 τοῖς
839 2506 975 2592 ὀνόμασι
989 2513 1043 2577 καὶ
1065 2510 1104 2583 ῶς
1117 2507 1253 2592 μάλιστα
1270 2536 1339 2577 πει-

171 2615 291 2698 ρᾶσθαι
312 2611 406 2686 αάτάς
427 2613 575 2686 ἀσθενῶς
597 2609 734 2694 εἰσάγειν
756 2612 778 2700 ἢ
799 2616 987 2698 προσθέντα
1009 2637 1039 2676 τι
1063 2613 1163 2696 ὄνομα
1184 2615 1300 2691 ἄδοξον
1318 2616 1339 2704 ἢ

167 2714 338 2799 ἀφελάντα.
382 2722 460 2780 Ante
481 2713 642 2798 ἀφελόντα
664 2722 786 2781 fortasse
808 2721 915 2780 excidit
937 2713 1079 2799 ἔνδοξον,
1103 2727 1138 2782 ut
1160 2727 1337 2784 contrarium

167 2824 356 2901 significetur.

252 2962 281 3016 p.
305 2944 376 3005 361.
401 2944 439 3002 14
463 2945 524 3018 (46.
549 2946 597 3018 9);
621 2939 816 3011 Ἀντιθέσεις
836 2937 895 3020 μὲν
919 2931 977 3004 οὖν
998 2945 1144 3006 τίθενται
1167 2939 1274 3022 οὕτως,
1297 2942 1337 3016 ῶς

168 3034 204 3103 έν
224 3045 270 3124 τῷ
290 3046 345 3125 τῆς
366 3046 632 3126 παραπρεσβείας.
665 3048 729 3105 Ηοε
750 3047 812 3104 loco
830 3047 1001 3123 Spengelius
1021 3050 1155 3108 lacunam
1178 3051 1334 3122 indicauit;

167 3148 264 3206 deesse
278 3147 365 3221 primi
374 3149 431 3206 loci
445 3150 594 3208 notionem
611 3152 692 3209 volut
707 3142 816 3217 οὕτως·
839 3141 919 3231 aricii
941 3144 977 3209 δέ
989 3143 1011 3232 η(
1022 3142 1186 3220 ἀντίθεσις
1207 3151 1334 3213 τίθεται

166 3244 209 3319 ῶς
229 3247 295 3315 κτλ.
340 3254 426 3323 Male,
449 3257 483 3312 ut
505 3253 623 3328 opinor;
646 3271 714 3310 num
735 3252 810 3310 nihil
831 3252 982 3310 intercidit
1003 3253 1060 3311 nisi
1082 3249 1177 3314 αάταί
1195 3258 1263 3314 auito
1286 3250 1338 3316 οὕ-

163 3371 234 3422 τως.
278 3355 382 3414 Confer
403 3357 499 3414 locum
520 3357 719 3431 insequentem
741 3376 769 3414 ν.
794 3359 842 3424 23,
869 3358 933 3413 tum
954 3376 982 3415 v.
1008 3355 1063 3427 293
1098 3357 1224 3416 similem
1244 3359 1339 3416 lociun

164 3457 293 3516 invenies
314 3478 342 3532 p.
368 3461 438 3518 394.
464 3462 513 3520 30.
559 3460 703 3517 Pluralem
725 3454 905 3525 ἀντιθέσεις
926 3458 1074 3518 notionem
1092 3459 1134 3517 ibi
1148 3460 1339 3519 necessariam

165 3578 227 3617 csse
249 3561 354 3619 docent
377 3561 444 3631 tria,
468 3580 542 3637 quae
564 3566 734 3636 sequuntur,
758 3563 896 3637 exempla.

251 3709 280 3763 p.
304 3692 374 3750 363.
387 3693 426 3750 23
451 3691 596 3764 (49.15):
630 3682 675 3748 Εἰ
696 3683 753 3769 γάρ
777 3683 817 3758 ῶς
839 3684 1007 3752 ἀντίθεσιν
1030 3689 1083 3752 καὶ
1105 3683 1199 3751 λάσιν
1223 3683 1337 3765 έποίει,

164 3784 264 3858 οὕτως
278 3785 317 3850 ἀν
336 3778 436 3867 εἶπεν,
461 3785 540 3851 ἀλλά
561 3787 602 3874 νὴ
617 3791 680 3852 Δία
695 3786 832 3874 φοβερός
846 3789 1019 3872 Φίλιππος,
1043 3790 1064 3877 ἢ
1086 3788 1121 3865 ἐξ
1144 3792 1259 3855 ἀδίκων
1282 3792 1338 3876 ηὔ-

162 3890 265 3973 ξηται.
309 3894 481 3970 Spengclius
512 3896 678 3956 annotarit:
716 3896 835 3954 »malim
856 3890 896 3965 ῶς
917 3898 1028 3968 abesse,
1061 3898 1116 3956 nisi
1144 3899 1226 3956 aliud
1257 3899 1337 3957 velut

163 3988 273 4063 ἀπλῶς
293 3998 396 4055 halet«
438 3999 527 4057 Recto
550 4001 602 4058 hoc
626 4001 753 4074 quidem.
791 3999 983 4059 Scribendum
1005 4003 1081 4060 enim
1103 4006 1147 4061 cst
1168 3997 1335 4077 ἀγωνιστι-

163 4100 242 4173 κῶς,
274 4099 305 4157 id
329 4101 406 4174 quod
428 4101 560 4161 videmus
583 4121 616 4159 ex
637 4121 722 4161 versu
747 4106 800 4163 19:
837 4097 912 4162 ὅταν
934 4098 980 4185 μή
1002 4099 1100 4188 οὔσης
1121 4097 1340 4174 καταστάσεως

163 4198 220 4282 δέῃ
234 4193 289 4268 τάς
303 4193 412 4269 λύσεις
424 4204 654 4272 καταστατικῶς
675 4199 801 4265 ἀλλὀἀκ
823 4202 1033 4281 ἀγωνιστικῶς
1053 4207 1198 4290 τεθῆναι,
1221 4209 1292 4268 item
1305 4228 1333 4266 v.

164 4308 222 4366 25:
244 4307 304 4366 νῦν
326 4300 362 4367 δέ
384 4308 614 4374 καταστατικῶς
636 4299 779 4388 εἰσήγαγε
801 4302 854 4376 τάς
875 4300 991 4378 λύσεις.
1035 4313 1110 4369 Tum
1132 4310 1336 4385 corrigendum

160 4412 255 4486 puto:
288 4401 367 4468 ἀλλά
387 4401 428 4491 νεῖ
449 4407 511 4467 Δία
535 4403 670 4490 φοβερῶς
693 4409 865 4479 Φίλιππος’
890 4407 928 4473 od
949 4405 1095 4492 φοβερός,
1120 4405 1194 4473 ἐπεὶ
1215 4404 1250 4483 ἐξ
1272 4407 1337 4472 ἀδί-
