3000 5108
91 1602 95 1607 ,
249 1537 354 1598 Graeci
374 1539 505 1598 rhetores
527 1536 608 1612 digni
631 1538 708 1606 sunt,
733 1535 836 1611 quibus
858 1553 975 1610 operam
1006 1536 1122 1605 demus,
1155 1535 1262 1611 quippe
1285 1535 1336 1611 qui

82 1620 107 1729 ,fs
162 1659 303 1719 magnam
324 1641 408 1700 nobis
429 1641 554 1699 afferant
575 1639 736 1698 utilitatem
758 1642 846 1714 atque
868 1638 1070 1696 adiumentum
1093 1639 1131 1696 ad
1155 1642 1284 1697 oratores
1305 1642 1336 1696 et

82 1738 90 1811 ζ’
163 1744 280 1820 penitus
302 1743 512 1820 intellegendos
534 1745 622 1817 atque
643 1743 814 1817 iudicandos
837 1745 866 1800 et
887 1740 1117 1799 adolescentibus
1141 1739 1335 1813 explanandos

82 1836 92 1913 ’,
162 1848 251 1921 atque
273 1846 516 1905 commentandos.
562 1845 624 1915 Quo
647 1846 678 1904 in
698 1864 819 1904 numero
840 1863 900 1903 non
920 1842 1060 1901 minimus
1072 1844 1174 1900 auctor
1184 1840 1336 1900 habendus

96 1932 101 1937 ¹
162 1949 352 2024 estApsines.
397 1949 456 2008 Sed
477 1967 561 2009 nemo
584 1949 644 2008 fere
666 1951 814 2023 hucusque
837 1946 952 2022 quando
970 1945 995 2004 is
1007 1944 1135 2016 vixisset,
1159 1962 1232 2024 quos
1245 1944 1336 2003 libros

96 2102 99 2107 .
161 2054 278 2127 praeter
299 2069 373 2122 eum,
403 2052 452 2127 qui
474 2055 577 2124 exstat,
598 2052 811 2127 composuisset,
844 2069 917 2126 quae
938 2049 1014 2108 ratio
1036 2048 1231 2107 intercederet
1258 2047 1335 2106 inter

92 2134 102 2181 ³
162 2154 225 2213 eius
246 2157 276 2212 et
296 2154 421 2212 aliorum
443 2154 594 2213 rhetorum
616 2156 789 2227 doctrinam,
812 2159 947 2215 accurate
969 2153 1122 2231 indagavit
1143 2155 1173 2210 et
1191 2151 1334 2211 definivit.

92 2298 98 2331 :
160 2260 226 2319 Iam
253 2276 323 2317 vero
346 2275 411 2315 oum
434 2276 493 2316 non
513 2257 661 2335 ignorem,
690 2260 760 2318 haec
783 2277 856 2334 quae
878 2259 1054 2317 adumbrare
1077 2257 1218 2328 conabar,
1241 2255 1337 2315 multa

161 2360 286 2431 habere,
318 2378 392 2435 quae
422 2361 607 2438 corrigantur
636 2362 683 2419 vel
713 2360 896 2437 gravioribus
916 2359 1097 2437 argumentis
1119 2359 1335 2429 confirmentur,

160 2466 262 2522 tamen
283 2462 315 2519 in
336 2462 383 2522 his
412 2463 592 2539 acquiescere
623 2462 764 2521 constitui
794 2481 886 2539 neque
917 2464 1078 2539 quidquam
1100 2461 1181 2520 aliud
1202 2461 1260 2520 nisi
1282 2461 1336 2519 hoc

82 2618 84 2623 .
161 2583 245 2643 rogo,
267 2582 304 2625 ne
326 2564 402 2640 quis,
427 2584 492 2624 oum
513 2566 589 2625 hanc
612 2568 646 2625 de
668 2567 778 2643 Apsine
800 2567 1000 2642 quaestionem
1023 2566 1242 2642 composuerim,
1273 2582 1336 2623 cam

82 2682 92 2715 a
162 2669 259 2729 aliave
279 2668 425 2728 rhetorica
446 2689 492 2728 me
514 2669 687 2728 relicturum
708 2688 767 2729 esse
789 2672 883 2746 putet,
907 2671 957 2729 sed
974 2670 1151 2746 experientia
1169 2670 1255 2728 modo
1272 2672 1336 2727 ten·

82 2772 95 2861 [J
161 2770 271 2833 tarisse
292 2773 443 2848 quaedam,
467 2772 573 2848 quibus
595 2773 726 2848 probatis
748 2774 786 2833 ad
808 2774 867 2833 alia
888 2777 978 2849 atque
999 2772 1105 2832 altiora
1126 2773 1293 2833 transirem.

688 2957 766 3044 Gap.
789 2960 817 3025 Ι.

101 3158 104 3163 Ι
251 3086 268 3157 ἓ
293 3086 321 3145 1.
365 3082 490 3158 Apsines
518 3085 608 3141 natus
636 3087 680 3143 est
714 3086 853 3157 Gadara,
884 3085 914 3143 in
943 3083 1049 3159 oppido
1076 3101 1135 3141 non
1164 3082 1207 3142 ita
1234 3101 1340 3159 magno

87 3166 91 3173 ¹
165 3184 356 3262 Goelesyriac,
390 3186 467 3243 uude
489 3185 516 3243 ei
536 3204 642 3244 nomen
664 3190 708 3246 eet
730 3182 749 3246 ὁ
771 3183 918 3263 motor&
941 3189 970 3245 et
992 3175 1195 3263 Podoperic.²)
1239 3187 1341 3260 Itaque

82 3290 97 3357 ,ζ
164 3286 325 3347 videndum
354 3291 411 3358 cst,
442 3304 478 3347 ne
509 3288 574 3364 quis
602 3289 663 3348 eius
685 3290 828 3367 originem
850 3289 1009 3367 transferat
1031 3288 1069 3345 ad
1090 3287 1192 3345 urbem
1214 3287 1342 3347 eiusdem

93 3408 104 3457 '.·
165 3388 293 3449 nominis
315 3408 452 3469 magnam
472 3392 676 3467 munitamque
697 3393 736 3450 ad
754 3393 957 3452 Hieromaeem
978 3390 1100 3450 fluvium
1115 3390 1211 3463 sitam,
1236 3392 1343 3468 quippo

89 3534 108 3573 ·.
167 3493 250 3553 cuius
278 3494 389 3554 incolae
421 3496 605 3571 appellentur
634 3491 856 3578 Parammon
909 3495 978 3566 Quis
1007 3513 1076 3554 vero
1108 3494 1197 3553 fuerit
1225 3497 1344 3571 Apsinis

95 3678 98 3683 Ι
167 3596 345 3657 Gadarensis
377 3600 475 3673 pater,
510 3618 568 3659 non
601 3598 673 3658 satis
706 3601 829 3657 constat.
875 3598 958 3668 Quod
990 3598 1067 3656 enim
1097 3598 1205 3657 Suidas
1235 3600 1342 3659 tradit:

167 3697 304 3781 σπαρεὶς
326 3695 365 3764 cis
388 3696 480 3779 λόγος
501 3694 536 3762 ἐκ
557 3693 681 3776 Πανός,
709 3701 750 3760 eis
779 3700 877 3760 verbis
907 3719 965 3759 non
987 3700 1171 3777 significatur
1192 3701 1343 3772 humanm,

92 3860 105 3887 ,Ι
167 3810 202 3866 ut
216 3805 261 3865 ita
271 3805 376 3877 dicam,
399 3810 493 3882 pater.
521 3806 625 3881 Neque
639 3804 734 3880 magis
751 3803 843 3862 filium
854 3805 942 3863 Panis
964 3805 1010 3863 dei
1023 3803 1163 3878 Apsinem
1185 3804 1222 3861 ab
1239 3822 1344 3879 aequa·

167 3908 246 3967 libus
276 3927 308 3967 re
338 3927 408 3968 vera
435 3913 572 3985 putatum
602 3926 661 3967 esse
682 3906 840 3966 verisimile
862 3912 914 3968 est.
960 3910 1028 3968 Non
1050 3907 1127 3966 enim
1150 3925 1183 3965 eo
1204 3910 1344 3983 tempore,

94 4016 99 4023 '
169 4030 228 4089 quo
250 4011 334 4071 illum
355 4011 444 4073 fuisse
456 4011 671 4083 demonstrabo,
695 4011 826 4070 homines
838 4013 960 4071 deorum
972 4011 1026 4071 filii
1037 4011 1230 4082 habebantur,
1253 4029 1346 4087 neque

169 4113 195 4173 is
217 4116 296 4184 erat,
328 4113 380 4190 qui
402 4131 436 4172 ex
457 4113 568 4173 virtute
590 4113 708 4191 egregia
729 4114 813 4173 heros
834 4116 1039 4190 appellaretur.
1085 4114 1143 4173 Sed
1164 4114 1218 4173 hoo
1240 4132 1346 4191 cogno·

89 4202 100 4227 ⁵
169 4234 237 4275 mon
259 4216 443 4275 referendum
465 4218 583 4277 videtur
606 4217 644 4275 ad
666 4216 785 4291 Apsinis
807 4217 936 4293 corporis
958 4219 1091 4279 formam.
1136 4217 1254 4276 Etenim
1275 4219 1346 4289 Pau,
1465 4214 1472 4257 ἱ

99 4382 102 4387 ,
170 4336 260 4395 quem
284 4321 370 4378 deum
391 4320 483 4379 latine
506 4324 586 4379 reete
609 4318 688 4377 dicas
700 4320 844 4392 Faunum,
868 4324 932 4381 erat
944 4322 1068 4381 deformi
1080 4322 1207 4396 eorporis
1223 4323 1346 4395 statura,

98 4480 101 4485 .
170 4422 258 4481 vultu
280 4423 363 4497 turpi
383 4441 511 4499 nasoque
533 4420 690 4500 adunco.‘*)
735 4426 837 4501 Aeque
859 4426 1020 4485 maleficam
1037 4425 1068 4482 in
1081 4424 1347 4499 corporefingcndo

97 4526 102 4535 .
1113 4522 1143 4574 l*
