3000 5108
1125 39 1412 243 ...,

737 618 755 675 8

162 809 275 877 tabant,
299 808 394 866 faetus
417 811 463 867 661
484 806 623 881 sophista.
658 807 744 865 Nova
765 805 842 863 euim
863 805 1015 865 literarum
1037 810 1117 866 aetas
1133 807 1261 866 effloruit
1280 807 1336 865 im-

163 912 283 984 perante
306 909 467 967 Hadriano.
512 909 631 967 Praeter
658 910 768 966 ceteras
797 909 882 967 urbes
913 908 1036 967 florebat
1064 909 1216 968 literarum
1247 910 1337 968 laude

163 1010 386 1071 Atheniensium
408 1010 492 1081 urbs,
526 1029 686 1085 quaecum
707 1010 1000 1089 magnificentissimis
1022 1011 1190 1070 muneribus
1213 1011 1250 1069 ab
1272 1012 1337 1086 ipso

164 1114 316 1174 Hadriano
339 1114 505 1181 donaretur,
528 1111 570 1169 ibi
587 1112 725 1172 scientiae
738 1115 867 1173 studium
884 1119 1002 1174 auctum
1015 1118 1103 1190 atque
1122 1114 1337 1188 amplificatum

164 1220 218 1276 est.
260 1214 397 1290 Amplexi
418 1216 488 1272 sunt
507 1212 569 1272 eius
598 1215 827 1276 munificentiam
848 1217 1014 1276 Antoninus
1037 1216 1106 1275 Pius
1128 1220 1159 1276 et
1179 1219 1220 1280 M.
1242 1216 1337 1275 Aure·

164 1319 234 1390 lius,
268 1336 392 1394 quorum
422 1314 505 1390 quasi
526 1316 663 1391 auspiciis
684 1336 748 1377 eum
770 1319 873 1379 literae
894 1318 1047 1379 universae
1069 1322 1132 1378 tum
1155 1319 1339 1395 eloquentiae

166 1421 296 1482 studium
328 1419 467 1479 affluebat
496 1436 607 1476 summa
636 1419 819 1496 ingeniorum
840 1422 871 1480 11
892 1424 981 1498 atque
1001 1440 1099 1481 rerum
1131 1421 1337 1497 prosperitate.

165 1525 298 1601 Namque
321 1541 355 1581 611
376 1519 521 1581 Antonini
543 1519 588 1578 Pii
610 1521 754 1583 institutis
775 1526 816 1584 M.
839 1524 976 1583 Aurelius
1008 1524 1079 1582 duos
1107 1523 1192 1582 ludos
1213 1523 1340 1582 Athenis

166 1624 335 1694 constituit,
358 1641 481 1698 quorum
502 1623 533 1680 in
556 1624 648 1683 altero
670 1625 880 1701 philosophiae,
913 1627 944 1684 in
966 1627 1060 1686 611616
1082 1625 1155 1686 artis
1175 1625 1339 1685 rhetoricae

166 1729 293 1789 studium
314 1730 503 1787 tractaretur.
548 1726 605 1804 Hic
626 1730 725 1787 autem
746 1728 833 1786 ludus
855 1728 1039 1788 dividebatur
1057 1730 1089 1787 in
1101 1730 1173 1788 duas
1186 1728 1340 1788 cathedras

166 1833 213 1892 vel
234 1821 385 1912 θρόνους,
394 1825 431 1902 ¹⁹)
454 1847 578 1905 quarum
600 1849 659 1889 11116
675 1830 880 1907 sophistarum,
903 1832 998 1890 altera
1013 1832 1166 1892 rhetorum
1182 1834 1254 1893 6161.
1286 1830 1340 1888 Di-

167 1935 251 1995 cendi
272 1938 371 1993 autem
391 1931 533 2003 doctores,
556 1931 607 2006 qui
629 1935 659 1992 et
681 1933 745 1991 aliis
765 1932 935 1992 muneribus
951 1936 981 1993 61
999 1933 1081 1992 16116
1091 1931 1223 1991 millibus
1234 1932 1341 1990 drach·

168 2056 282 2096 marum
313 2033 513 2104 donabantur,
544 2032 629 2092 initio
659 2035 775 2110 quidem
803 2034 961 2095 maximam
990 2035 1106 2108 partem
1127 2053 1179 2109 per
1200 2033 1340 2109 probatos

167 2140 246 2200 viros
267 2138 304 2196 ab
325 2137 501 2211 imperatore
524 2135 657 2208 delectos,
679 2155 888 2213 nonnunquam
910 2139 1007 2196 autem
1029 2136 1145 2211 abipso
1162 2134 1341 2212 imperatore

168 2240 298 2300 examine
320 2238 478 2298 constituto
499 2237 734 2300 nominabantur.
779 2241 837 2300 Sed
858 2239 908 2298 ille
929 2241 1025 2310 ludus,
1056 2239 1107 2315 qui
1127 2238 1158 2297 id
1179 2240 1340 2314 spectabat,

168 2347 202 2403 111
231 2343 363 2402 Athenae
391 2341 462 2400 urbs
490 2339 597 2399 iterum
629 2343 832 2402 commercium
863 2344 1010 2418 quoddam
1037 2343 1126 2416 atque
1153 2342 1342 2402 seminarium

168 2447 277 2508 artium
298 2447 509 2521 literarumque
531 2443 691 2516 exsisteret,
722 2464 756 2505 61
776 2446 961 2521 imperatoris
981 2442 1079 2522 gratia
1100 2445 1190 2519 atque
1210 2444 1341 2504 liberali·

169 2555 231 2610 1616
253 2548 396 2626 originem
416 2547 460 2606 ita
481 2545 579 2619 duxit,
607 2550 655 2619 ut,
684 2566 750 2606 cum
776 2549 835 2607 iam
857 2549 970 2624 pridem
992 2547 1245 2622 frequentaretur,
1274 2553 1341 2610 tum

170 2655 287 2712 rismum
316 2649 491 2709 auctoritate
522 2649 642 2724 publiea
667 2654 856 2711 renovaretur
887 2654 975 2726 atque
1003 2650 1041 2708 ad
1069 2650 1209 2709 maiorem
1241 2670 1341 2711 rerum

170 2758 271 2815 florem
292 2754 508 2829 perduceretur.
519 2747 558 2827 20)
602 2752 719 2811 Etenim
742 2754 891 2814 institutio
914 2753 1042 2813 oratoria
1063 2757 1093 2812 et
1114 2754 1278 2829 eloquentia
1300 2755 1341 2814 ei·

170 2858 254 2929 vilis,
286 2875 352 2915 cum
381 2853 498 2914 omuino
526 2854 586 2912 iam
617 2855 780 2932 antiquitus
803 2858 967 2916 colerentur
989 2859 1019 2914 61
1041 2855 1200 2930 separatim
1222 2860 1342 2916 616611-

117 2986 120 2991 ·
170 2959 309 3029 iunctim,
338 2961 493 3033 postquam
515 2957 638 3017 Graecia
658 2959 690 3016 in
711 2960 877 3034 provinciae
899 2960 1047 3019 Romanae
1068 2959 1193 3019 formam
1222 2961 1342 3020 redacta

172 3068 234 3139 est,
266 3061 463 3137 principatum
494 3061 639 3135 quendam
669 3061 798 3120 omnium
828 3062 981 3121 literarum
1012 3065 1195 3137 acceperrmt.
1238 3062 1346 3138 stoque

172 3166 244 3225 artis
266 3162 427 3222 rhetoricae
450 3161 579 3221 sardium
601 3162 632 3219 111
656 3163 717 3222 dies
739 3167 858 3224 auctum
880 3183 946 3223 611111
967 3163 1153 3223 institutione
1174 3165 1228 3224 illa
1250 3165 1343 3241 impo-

172 3267 282 3327 ratoria
302 3284 408 3325 nomen
429 3264 575 3339 sophistae
596 3265 772 3326 anctoritate
795 3269 921 3342 quadam
943 3269 1105 3337 ornaretur,
1137 3270 1175 3327 ad
1198 3288 1344 3328 summum

97 3416 100 3421 .
171 3370 267 3430 laudis
287 3367 437 3445 fastigium
458 3367 601 3442 pervenit.
645 3369 745 3445 Atque
767 3387 832 3428 cum
854 3371 916 3431 eius
937 3370 1010 3429 artis
1037 3370 1175 3431 studiosis
1204 3390 1344 3450 magnum

173 3474 212 3532 ad
234 3472 405 3531 evolandum
427 3469 553 3544 spatium
576 3471 710 3542 daretur,
739 3473 929 3544 factumest,
961 3476 995 3532 111
1017 3473 1242 3534 Atheniensium
1272 3477 1344 3535 urbs

172 3576 255 3636 brevi
276 3576 513 3650 frequentaretur
533 3574 728 3647 sophistarum
742 3593 839 3652 grege,
862 3576 913 3652 qui
928 3593 1045 3653 magno,
1068 3578 1146 3652 quod
1161 3579 1346 3639 redundabat

174 3700 208 3738 eu
229 3677 301 3737 artis
322 3676 507 3752 professione,
537 3695 634 3734 rerum
655 3677 736 3736 lucro
757 3677 878 3736 adducti
900 3697 932 3737 eo
954 3680 1174 3739 conveniebant.
1184 3677 1224 3753 21)
1268 3682 1344 3752 Quo-

176 3803 242 3841 rum
263 3801 321 3841 uon
343 3781 482 3840 minimus
502 3796 641 3838 numerus
662 3797 697 3837 611
717 3779 855 3839 Asiaticis
875 3781 953 3840 ludis
974 3783 1083 3844 accitus
1106 3787 1158 3844 est.
1203 3783 1280 3840 Nam
1303 3783 1345 3842 ibi

177 3906 245 3946 eum
266 3885 297 3942 111
318 3884 451 3943 omnibus
473 3883 532 3941 fere
553 3882 674 3940 urbibus
695 3882 887 3942 nobilioribus
908 3883 995 3943 multi
1016 3884 1150 3962 magistri
1168 3888 1263 3944 artem
1279 3885 1345 3942 rhe-

177 3989 299 4050 toricam
321 3987 536 4062 profiterentur,
558 3988 622 4043 tum
643 3984 839 4059 principatum
862 3988 1004 4062 quendam
1021 3987 1162 4047 tenebant
1176 3988 1347 4048 Nicomedia

180 4096 209 4151 et
230 4085 414 4167 Smyrnam)
458 4091 521 4149 Hac
543 4088 573 4145 in
595 4087 666 4145 urbe
688 4105 830 4147 summam
852 4088 908 4147 sibi
929 4087 1042 4164 peperit
1064 4089 1180 4147 laudem
1193 4089 1226 4147 P.
1245 4091 1347 4151 Aelius

180 4192 324 4253 Aristides
337 4186 578 4267 Adriansnsis.²³)
609 4189 664 4260 Qui
687 4208 752 4248 cum
773 4209 880 4270 magna
901 4194 1017 4252 floreret
1038 4192 1117 4266 apud
1138 4191 1345 4267 imperatorem

179 4294 365 4364 auctoritate,
389 4294 493 4364 effecit,
515 4296 550 4352 ut
571 4293 697 4370 Smyrna
718 4293 796 4365 urbs,
820 4312 886 4352 cum
907 4297 1002 4354 terrae
1023 4294 1106 4352 motu
1127 4309 1203 4352 anno
1225 4315 1254 4369 p.
1277 4295 1345 4354 Chr.

179 4398 334 4457 centesimo
356 4396 624 4472 duodeoctogesimo
646 4395 747 4456 diruta
764 4400 846 4468 esset,
869 4397 986 4472 publico
1004 4398 1121 4470 sumptu
1131 4396 1346 4457 restitueretur.

181 4500 256 4572 Ques
275 4516 346 4558 1616
367 4499 510 4559 6161161166
533 4517 640 4574 quosve
660 4497 749 4558 libros
770 4498 819 4558 ille
841 4500 1042 4574 composuerit,
1065 4518 1124 4559 non
1145 4505 1188 4560 est
1206 4502 1283 4576 quod
1299 4501 1347 4560 hie
