<?xml version="1.0" encoding="UTF-8"?>
<!DOCTYPE html PUBLIC "-//W3C//DTD XHTML 1.0 Transitional//EN"
    "http://www.w3.org/TR/xhtml1/DTD/xhtml1-transitional.dtd">
<html xmlns="http://www.w3.org/1999/xhtml" xml:lang="en" lang="en">
 <head>
  <title>
</title>
<meta http-equiv="Content-Type" content="text/html;charset=utf-8" />
  <meta name='ocr-system' content='tesseract 3.04.00' />
  <meta name='ocr-capabilities' content='ocr_page ocr_carea ocr_par ocr_line ocrx_word'/>
</head>
<body>
  <div class='ocr_page' id='page_1' title='image "./deapsinerhetore00hammgoog_0032.png"; bbox 0 0 3000 5108; ppageno 0'>
   <div class='ocr_carea' id='block_1_1' title="bbox 606 533 757 625">
    <p class='ocr_par' dir='ltr' id='par_1_1' title="bbox 606 533 757 625">
     <span class='ocr_line' id='line_1_1' title="bbox 606 533 757 625; baseline 0 -34"><span class='ocrx_word' id='word_1_1' title='bbox 606 533 757 625; x_wconf 44' lang='lat' dir='ltr'>,ee—</span> 
     </span>
    </p>
   </div>
   <div class='ocr_carea' id='block_1_2' title="bbox 85 711 1313 4491">
    <p class='ocr_par' dir='ltr' id='par_1_2' title="bbox 97 711 1264 998">
     <span class='ocr_line' id='line_1_2' title="bbox 97 711 1264 799; baseline 0 -22"><span class='ocrx_word' id='word_1_2' title='bbox 97 713 264 779; x_wconf 85' lang='grc' dir='ltr'><strong><em>ἀντιδίκων</em></strong></span> <span class='ocrx_word' id='word_1_3' title='bbox 292 716 418 787; x_wconf 77' lang='grc' dir='ltr'><strong><em>πίστεις</em></strong></span> <span class='ocrx_word' id='word_1_4' title='bbox 438 713 579 799; x_wconf 76' lang='grc' dir='ltr'><em>ἀναιρεῖν</em></span> <span class='ocrx_word' id='word_1_5' title='bbox 602 711 699 778; x_wconf 79' lang='grc' dir='ltr'><strong><em>οἴεται</em></strong></span> <span class='ocrx_word' id='word_1_6' title='bbox 720 716 797 780; x_wconf 83' lang='grc' dir='ltr'><strong><em>δεῖν.</em></strong></span> <span class='ocrx_word' id='word_1_7' title='bbox 840 717 938 777; x_wconf 78' lang='lat' dir='ltr'>Etiam</span> <span class='ocrx_word' id='word_1_8' title='bbox 959 718 1082 794; x_wconf 86' lang='lat' dir='ltr'>Apsines</span> <span class='ocrx_word' id='word_1_9' title='bbox 1111 735 1264 795; x_wconf 83' lang='lat' dir='ltr'>argumen-</span> 
     </span>
     <span class='ocr_line' id='line_1_3' title="bbox 97 819 1264 897; baseline 0 -18"><span class='ocrx_word' id='word_1_10' title='bbox 97 821 240 880; x_wconf 86' lang='lat' dir='ltr'>tationem</span> <span class='ocrx_word' id='word_1_11' title='bbox 271 821 451 881; x_wconf 87' lang='lat' dir='ltr'>artificialem</span> <span class='ocrx_word' id='word_1_12' title='bbox 479 823 546 880; x_wconf 89' lang='lat' dir='ltr'>ante</span> <span class='ocrx_word' id='word_1_13' title='bbox 574 819 788 880; x_wconf 86' lang='lat' dir='ltr'>inartificialem</span> <span class='ocrx_word' id='word_1_14' title='bbox 814 819 970 892; x_wconf 78' lang='lat' dir='ltr'>tractauit,</span> <span class='ocrx_word' id='word_1_15' title='bbox 1002 824 1036 880; x_wconf 88' lang='lat' dir='ltr'>ut</span> <span class='ocrx_word' id='word_1_16' title='bbox 1057 839 1264 897; x_wconf 89' lang='lat' dir='ltr'>nonnunquam</span> 
     </span>
     <span class='ocr_line' id='line_1_4' title="bbox 97 924 1152 998; baseline -0.001 -17"><span class='ocrx_word' id='word_1_17' title='bbox 97 925 225 983; x_wconf 86' lang='lat' dir='ltr'>oratores</span> <span class='ocrx_word' id='word_1_18' title='bbox 247 925 284 987; x_wconf 85' lang='lat' dir='ltr'>cf.</span> <span class='ocrx_word' id='word_1_19' title='bbox 307 924 473 982; x_wconf 76' lang='lat' dir='ltr'><strong>Volkmann</strong></span> <span class='ocrx_word' id='word_1_20' title='bbox 494 944 522 998; x_wconf 88' lang='lat' dir='ltr'>p.</span> <span class='ocrx_word' id='word_1_21' title='bbox 547 926 606 985; x_wconf 87' lang='grc'>316</span> <span class='ocrx_word' id='word_1_22' title='bbox 628 942 658 984; x_wconf 90' lang='lat' dir='ltr'>n.</span> <span class='ocrx_word' id='word_1_23' title='bbox 1150 934 1152 939; x_wconf 84' lang='lat'>&#39;</span> 
     </span>
    </p>

    <p class='ocr_par' dir='ltr' id='par_1_3' title="bbox 93 1017 1267 1924">
     <span class='ocr_line' id='line_1_5' title="bbox 181 1017 1263 1107; baseline 0.001 -20"><span class='ocrx_word' id='word_1_24' title='bbox 181 1046 209 1101; x_wconf 90' lang='lat' dir='ltr'>p.</span> <span class='ocrx_word' id='word_1_25' title='bbox 234 1028 305 1089; x_wconf 84' lang='grc'>390.</span> <span class='ocrx_word' id='word_1_26' title='bbox 329 1030 368 1087; x_wconf 88' lang='grc'>29</span> <span class='ocrx_word' id='word_1_27' title='bbox 391 1027 452 1102; x_wconf 90' lang='grc'>(91.</span> <span class='ocrx_word' id='word_1_28' title='bbox 478 1026 522 1100; x_wconf 87' lang='grc'>2);</span> <span class='ocrx_word' id='word_1_29' title='bbox 545 1025 684 1084; x_wconf 82' lang='lat' dir='ltr'>Eiciende</span> <span class='ocrx_word' id='word_1_30' title='bbox 704 1029 775 1101; x_wconf 87' lang='lat' dir='ltr'>puto</span> <span class='ocrx_word' id='word_1_31' title='bbox 797 1022 851 1086; x_wconf 86' lang='grc' dir='ltr'>καὶ</span> <span class='ocrx_word' id='word_1_32' title='bbox 872 1017 988 1086; x_wconf 80' lang='grc' dir='ltr'><strong><em>τούτου</em></strong></span> <span class='ocrx_word' id='word_1_33' title='bbox 1009 1023 1103 1101; x_wconf 78' lang='grc' dir='ltr'><strong><em>διχῶς</em></strong></span> <span class='ocrx_word' id='word_1_34' title='bbox 1123 1025 1263 1107; x_wconf 73' lang='grc' dir='ltr'><strong><em>θεωρου-</em></strong></span> 
     </span>
     <span class='ocr_line' id='line_1_6' title="bbox 94 1121 1263 1209; baseline 0.005 -25"><span class='ocrx_word' id='word_1_35' title='bbox 94 1125 191 1205; x_wconf 81' lang='grc' dir='ltr'><strong><em>μένου</em></strong></span> <span class='ocrx_word' id='word_1_36' title='bbox 220 1130 250 1186; x_wconf 87' lang='lat' dir='ltr'>et</span> <span class='ocrx_word' id='word_1_37' title='bbox 277 1121 488 1208; x_wconf 76' lang='grc' dir='ltr'><strong><em>παραθέσεως</em></strong></span> <span class='ocrx_word' id='word_1_38' title='bbox 517 1122 704 1206; x_wconf 74' lang='grc' dir='ltr'><strong><em>ἀμφοτέρων</em></strong></span> <span class='ocrx_word' id='word_1_39' title='bbox 725 1127 788 1189; x_wconf 77' lang='grc' dir='ltr'><strong><em>τῶν</em></strong></span> <span class='ocrx_word' id='word_1_40' title='bbox 810 1127 948 1190; x_wconf 85' lang='grc' dir='ltr'><strong><em>δικαίων.</em></strong></span> <span class='ocrx_word' id='word_1_41' title='bbox 993 1129 1102 1187; x_wconf 80' lang='lat' dir='ltr'>Vocem</span> <span class='ocrx_word' id='word_1_42' title='bbox 1123 1128 1263 1209; x_wconf 76' lang='grc' dir='ltr'><strong><em>θεωρου-</em></strong></span> 
     </span>
     <span class='ocr_line' id='line_1_7' title="bbox 94 1228 1263 1310; baseline 0.002 -22"><span class='ocrx_word' id='word_1_43' title='bbox 94 1228 192 1306; x_wconf 78' lang='grc' dir='ltr'><strong><em>μένου</em></strong></span> <span class='ocrx_word' id='word_1_44' title='bbox 213 1231 322 1290; x_wconf 86' lang='lat' dir='ltr'>Bekius</span> <span class='ocrx_word' id='word_1_45' title='bbox 351 1232 461 1291; x_wconf 67' lang='lat' dir='ltr'>fnestra</span> <span class='ocrx_word' id='word_1_46' title='bbox 491 1230 617 1290; x_wconf 87' lang='lat' dir='ltr'>mutavit</span> <span class='ocrx_word' id='word_1_47' title='bbox 646 1231 678 1288; x_wconf 89' lang='lat' dir='ltr'>in</span> <span class='ocrx_word' id='word_1_48' title='bbox 708 1228 936 1310; x_wconf 83' lang='grc' dir='ltr'><strong><em>διαιρουμένου.</em></strong></span> <span class='ocrx_word' id='word_1_49' title='bbox 981 1230 1053 1289; x_wconf 83' lang='lat' dir='ltr'>Ourn</span> <span class='ocrx_word' id='word_1_50' title='bbox 1084 1232 1160 1290; x_wconf 90' lang='lat' dir='ltr'>enim</span> <span class='ocrx_word' id='word_1_51' title='bbox 1193 1233 1263 1290; x_wconf 81' lang='lat' dir='ltr'>haee</span> 
     </span>
     <span class='ocr_line' id='line_1_8' title="bbox 94 1332 1261 1410; baseline 0 -20"><span class='ocrx_word' id='word_1_52' title='bbox 94 1333 187 1391; x_wconf 90' lang='lat' dir='ltr'>omnis</span> <span class='ocrx_word' id='word_1_53' title='bbox 214 1335 391 1393; x_wconf 80' lang='lat' dir='ltr'>enumeratio</span> <span class='ocrx_word' id='word_1_54' title='bbox 422 1333 525 1393; x_wconf 90' lang='lat' dir='ltr'>titulos</span> <span class='ocrx_word' id='word_1_55' title='bbox 552 1334 637 1391; x_wconf 86' lang='lat' dir='ltr'>modo</span> <span class='ocrx_word' id='word_1_56' title='bbox 666 1332 772 1392; x_wconf 84' lang='lat' dir='ltr'>habeat</span> <span class='ocrx_word' id='word_1_57' title='bbox 800 1333 929 1407; x_wconf 84' lang='lat' dir='ltr'>partium</span> <span class='ocrx_word' id='word_1_58' title='bbox 957 1352 1050 1410; x_wconf 89' lang='lat' dir='ltr'>neque</span> <span class='ocrx_word' id='word_1_59' title='bbox 1077 1334 1184 1410; x_wconf 80' lang='lat' dir='ltr'>reliqui</span> <span class='ocrx_word' id='word_1_60' title='bbox 1204 1333 1261 1393; x_wconf 91' lang='lat' dir='ltr'>loci</span> 
     </span>
     <span class='ocr_line' id='line_1_9' title="bbox 94 1435 1263 1514; baseline 0 -21"><span class='ocrx_word' id='word_1_61' title='bbox 94 1435 226 1511; x_wconf 82' lang='lat' dir='ltr'>pluribus</span> <span class='ocrx_word' id='word_1_62' title='bbox 247 1436 344 1495; x_wconf 87' lang='lat' dir='ltr'>verbis</span> <span class='ocrx_word' id='word_1_63' title='bbox 365 1435 554 1511; x_wconf 80' lang='lat' dir='ltr'>explicentur,</span> <span class='ocrx_word' id='word_1_64' title='bbox 577 1435 717 1511; x_wconf 84' lang='lat' dir='ltr'>sequitur,</span> <span class='ocrx_word' id='word_1_65' title='bbox 747 1438 781 1495; x_wconf 88' lang='lat' dir='ltr'>ut</span> <span class='ocrx_word' id='word_1_66' title='bbox 802 1435 873 1494; x_wconf 91' lang='lat' dir='ltr'>haec</span> <span class='ocrx_word' id='word_1_67' title='bbox 895 1453 1009 1511; x_wconf 88' lang='lat' dir='ltr'>quoqne</span> <span class='ocrx_word' id='word_1_68' title='bbox 1030 1436 1208 1514; x_wconf 86' lang='lat' dir='ltr'>transposita</span> <span class='ocrx_word' id='word_1_69' title='bbox 1230 1454 1263 1494; x_wconf 82' lang='lat' dir='ltr'>ex</span> 
     </span>
     <span class='ocr_line' id='line_1_10' title="bbox 94 1536 1263 1613; baseline 0 -17"><span class='ocrx_word' id='word_1_70' title='bbox 94 1536 240 1612; x_wconf 80' lang='lat' dir='ltr'>superiore</span> <span class='ocrx_word' id='word_1_71' title='bbox 262 1537 428 1613; x_wconf 75' lang='lat' dir='ltr'>quaestione</span> <span class='ocrx_word' id='word_1_72' title='bbox 449 1557 478 1612; x_wconf 88' lang='lat' dir='ltr'>p.</span> <span class='ocrx_word' id='word_1_73' title='bbox 501 1538 572 1597; x_wconf 79' lang='grc'>389.</span> <span class='ocrx_word' id='word_1_74' title='bbox 597 1538 636 1596; x_wconf 90' lang='grc'>29</span> <span class='ocrx_word' id='word_1_75' title='bbox 659 1541 689 1596; x_wconf 88' lang='lat' dir='ltr'>et</span> <span class='ocrx_word' id='word_1_76' title='bbox 710 1558 738 1613; x_wconf 91' lang='lat' dir='ltr'>p.</span> <span class='ocrx_word' id='word_1_77' title='bbox 763 1540 834 1600; x_wconf 88' lang='grc'><strong>388.</strong></span> <span class='ocrx_word' id='word_1_78' title='bbox 858 1540 876 1598; x_wconf 94' lang='grc'><strong>8</strong></span> <span class='ocrx_word' id='word_1_79' title='bbox 899 1537 1022 1597; x_wconf 87' lang='lat' dir='ltr'>delenda</span> <span class='ocrx_word' id='word_1_80' title='bbox 1049 1538 1116 1599; x_wconf 85' lang='lat' dir='ltr'>sint.</span> <span class='ocrx_word' id='word_1_81' title='bbox 1160 1537 1197 1596; x_wconf 94' lang='lat' dir='ltr'>In</span> <span class='ocrx_word' id='word_1_82' title='bbox 1217 1556 1263 1597; x_wconf 85' lang='lat' dir='ltr'>re·</span> 
     </span>
     <span class='ocr_line' id='line_1_11' title="bbox 93 1634 1262 1720; baseline 0.001 -23"><span class='ocrx_word' id='word_1_83' title='bbox 93 1639 182 1715; x_wconf 89' lang='lat' dir='ltr'>liquis</span> <span class='ocrx_word' id='word_1_84' title='bbox 204 1640 348 1700; x_wconf 87' lang='lat' dir='ltr'>codicibus</span> <span class='ocrx_word' id='word_1_85' title='bbox 370 1642 450 1700; x_wconf 87' lang='lat' dir='ltr'>deest</span> <span class='ocrx_word' id='word_1_86' title='bbox 471 1661 499 1703; x_wconf 84' lang='lat' dir='ltr'>v.</span> <span class='ocrx_word' id='word_1_87' title='bbox 523 1641 562 1700; x_wconf 83' lang='lat'>29</span> <span class='ocrx_word' id='word_1_88' title='bbox 585 1636 649 1717; x_wconf 77' lang='grc' dir='ltr'><strong><em>καὶ,</em></strong></span> <span class='ocrx_word' id='word_1_89' title='bbox 671 1642 735 1698; x_wconf 79' lang='lat' dir='ltr'>turn</span> <span class='ocrx_word' id='word_1_90' title='bbox 755 1640 879 1718; x_wconf 85' lang='lat' dir='ltr'>legimus</span> <span class='ocrx_word' id='word_1_91' title='bbox 901 1637 1089 1720; x_wconf 72' lang='grc' dir='ltr'><strong><em>θεωροῦμεν·</em></strong></span> <span class='ocrx_word' id='word_1_92' title='bbox 1105 1634 1172 1700; x_wconf 85' lang='grc' dir='ltr'>οάκ.</span> <span class='ocrx_word' id='word_1_93' title='bbox 1203 1640 1262 1699; x_wconf 88' lang='lat' dir='ltr'>Ac-</span> 
     </span>
     <span class='ocr_line' id='line_1_12' title="bbox 94 1742 1267 1820; baseline 0.002 -20"><span class='ocrx_word' id='word_1_94' title='bbox 94 1743 179 1813; x_wconf 86' lang='lat' dir='ltr'>cedit,</span> <span class='ocrx_word' id='word_1_95' title='bbox 203 1743 281 1817; x_wconf 91' lang='lat' dir='ltr'>quod</span> <span class='ocrx_word' id='word_1_96' title='bbox 302 1745 372 1802; x_wconf 85' lang='lat' dir='ltr'>haee</span> <span class='ocrx_word' id='word_1_97' title='bbox 393 1743 456 1817; x_wconf 90' lang='lat' dir='ltr'>ipsa</span> <span class='ocrx_word' id='word_1_98' title='bbox 478 1742 566 1802; x_wconf 81' lang='lat' dir='ltr'>verba</span> <span class='ocrx_word' id='word_1_99' title='bbox 588 1744 725 1817; x_wconf 82' lang='lat' dir='ltr'>corrupta</span> <span class='ocrx_word' id='word_1_100' title='bbox 747 1742 831 1801; x_wconf 88' lang='lat' dir='ltr'>uobis</span> <span class='ocrx_word' id='word_1_101' title='bbox 845 1743 1267 1820; x_wconf 77' lang='lat' dir='ltr'>truduntuvelutleg&#39;endum·</span> 
     </span>
     <span class='ocr_line' id='line_1_13' title="bbox 94 1837 903 1924; baseline 0.005 -22"><span class='ocrx_word' id='word_1_102' title='bbox 94 1847 167 1904; x_wconf 88' lang='lat' dir='ltr'>esset</span> <span class='ocrx_word' id='word_1_103' title='bbox 187 1847 251 1904; x_wconf 79' lang='grc' dir='ltr'><strong><em>τῶν</em></strong></span> <span class='ocrx_word' id='word_1_104' title='bbox 274 1839 462 1924; x_wconf 75' lang='grc' dir='ltr'><strong><em>ἀμφοτέροις</em></strong></span> <span class='ocrx_word' id='word_1_105' title='bbox 484 1837 611 1906; x_wconf 83' lang='grc' dir='ltr'><strong><em>δικαίων</em></strong></span> <span class='ocrx_word' id='word_1_106' title='bbox 634 1863 668 1902; x_wconf 87' lang='lat' dir='ltr'>ex</span> <span class='ocrx_word' id='word_1_107' title='bbox 688 1863 755 1921; x_wconf 80' lang='lat' dir='ltr'>pag.</span> <span class='ocrx_word' id='word_1_108' title='bbox 778 1847 851 1906; x_wconf 85' lang='lat'>388.</span> <span class='ocrx_word' id='word_1_109' title='bbox 875 1847 903 1907; x_wconf 88' lang='lat'>8.</span> 
     </span>
    </p>

    <p class='ocr_par' dir='ltr' id='par_1_4' title="bbox 86 1938 1262 3878">
     <span class='ocr_line' id='line_1_14' title="bbox 177 1938 1259 2028; baseline -0.005 -19"><span class='ocrx_word' id='word_1_110' title='bbox 177 1968 205 2023; x_wconf 88' lang='lat' dir='ltr'>p.</span> <span class='ocrx_word' id='word_1_111' title='bbox 229 1951 298 2010; x_wconf 89' lang='grc'>392.</span> <span class='ocrx_word' id='word_1_112' title='bbox 324 1951 362 2008; x_wconf 92' lang='grc'>22</span> <span class='ocrx_word' id='word_1_113' title='bbox 386 1950 446 2022; x_wconf 87' lang='grc'>(93.</span> <span class='ocrx_word' id='word_1_114' title='bbox 472 1949 540 2024; x_wconf 66' lang='lat' dir='ltr'>let:</span> <span class='ocrx_word' id='word_1_115' title='bbox 570 1939 664 2027; x_wconf 79' lang='grc' dir='ltr'>Παρά</span> <span class='ocrx_word' id='word_1_116' title='bbox 686 1939 744 2028; x_wconf 82' lang='grc' dir='ltr'><strong><em>την</em></strong></span> <span class='ocrx_word' id='word_1_117' title='bbox 765 1941 910 2017; x_wconf 83' lang='grc' dir='ltr'><strong><em>ἀξίανδὲ</em></strong></span> <span class='ocrx_word' id='word_1_118' title='bbox 931 1941 1058 2008; x_wconf 74' lang='grc' dir='ltr'><strong><em>ἔστιτὸ</em></strong></span> <span class='ocrx_word' id='word_1_119' title='bbox 1079 1949 1177 2007; x_wconf 82' lang='grc' dir='ltr'><strong><em>ταῦτα</em></strong></span> <span class='ocrx_word' id='word_1_120' title='bbox 1198 1938 1259 2006; x_wconf 87' lang='grc' dir='ltr'>πά-</span> 
     </span>
     <span class='ocr_line' id='line_1_15' title="bbox 94 2032 1259 2132; baseline -0.002 -21"><span class='ocrx_word' id='word_1_121' title='bbox 94 2064 183 2126; x_wconf 87' lang='grc' dir='ltr'><strong><em>σχειν</em></strong></span> <span class='ocrx_word' id='word_1_122' title='bbox 201 2043 281 2126; x_wconf 80' lang='grc' dir='ltr'><strong><em>τινά,</em></strong></span> <span class='ocrx_word' id='word_1_123' title='bbox 304 2045 388 2130; x_wconf 79' lang='grc' dir='ltr'><strong><em>ἅπερ</em></strong></span> <span class='ocrx_word' id='word_1_124' title='bbox 409 2045 494 2132; x_wconf 72' lang='grc' dir='ltr'><strong><em>αὐτῷ</em></strong></span> <span class='ocrx_word' id='word_1_125' title='bbox 516 2047 606 2109; x_wconf 82' lang='grc' dir='ltr'><strong><em>δοκεῖ</em></strong></span> <span class='ocrx_word' id='word_1_126' title='bbox 623 2036 704 2108; x_wconf 81' lang='grc' dir='ltr'><strong><em>εἶναι</em></strong></span> <span class='ocrx_word' id='word_1_127' title='bbox 724 2032 829 2131; x_wconf 76' lang='grc' dir='ltr'><strong><em>ἧττον.</em></strong></span> <span class='ocrx_word' id='word_1_128' title='bbox 868 2051 954 2110; x_wconf 89' lang='lat' dir='ltr'>Hune</span> <span class='ocrx_word' id='word_1_129' title='bbox 967 2053 1063 2111; x_wconf 86' lang='lat' dir='ltr'>locum</span> <span class='ocrx_word' id='word_1_130' title='bbox 1079 2054 1259 2127; x_wconf 88' lang='lat' dir='ltr'>corruptum,</span> 
     </span>
     <span class='ocr_line' id='line_1_16' title="bbox 92 2135 1262 2235; baseline -0.003 -22"><span class='ocrx_word' id='word_1_131' title='bbox 92 2155 122 2213; x_wconf 90' lang='lat' dir='ltr'>in</span> <span class='ocrx_word' id='word_1_132' title='bbox 141 2174 197 2231; x_wconf 89' lang='lat' dir='ltr'>quo</span> <span class='ocrx_word' id='word_1_133' title='bbox 212 2156 282 2231; x_wconf 89' lang='lat' dir='ltr'>quid</span> <span class='ocrx_word' id='word_1_134' title='bbox 299 2155 338 2214; x_wconf 88' lang='lat' dir='ltr'>sit</span> <span class='ocrx_word' id='word_1_135' title='bbox 354 2148 439 2234; x_wconf 85' lang='grc' dir='ltr'><strong><em>ἀπερ</em></strong></span> <span class='ocrx_word' id='word_1_136' title='bbox 461 2148 545 2233; x_wconf 77' lang='grc' dir='ltr'><strong><em>αάτῷ</em></strong></span> <span class='ocrx_word' id='word_1_137' title='bbox 566 2139 755 2212; x_wconf 69' lang='lat' dir='ltr'>censorious</span> <span class='ocrx_word' id='word_1_138' title='bbox 776 2135 882 2235; x_wconf 75' lang='grc' dir='ltr'><strong><em>ἧττον,</em></strong></span> <span class='ocrx_word' id='word_1_139' title='bbox 904 2172 963 2213; x_wconf 93' lang='lat' dir='ltr'>non</span> <span class='ocrx_word' id='word_1_140' title='bbox 984 2152 1175 2231; x_wconf 82' lang='lat' dir='ltr'>intellegitur,</span> <span class='ocrx_word' id='word_1_141' title='bbox 1199 2171 1262 2212; x_wconf 90' lang='lat' dir='ltr'>eor-</span> 
     </span>
     <span class='ocr_line' id='line_1_17' title="bbox 92 2244 1259 2335; baseline -0.002 -18"><span class='ocrx_word' id='word_1_142' title='bbox 92 2258 189 2335; x_wconf 86' lang='lat' dir='ltr'>rigere</span> <span class='ocrx_word' id='word_1_143' title='bbox 210 2258 318 2316; x_wconf 87' lang='lat' dir='ltr'>Bakius</span> <span class='ocrx_word' id='word_1_144' title='bbox 340 2259 459 2317; x_wconf 83' lang='lat' dir='ltr'>conatus</span> <span class='ocrx_word' id='word_1_145' title='bbox 481 2259 525 2315; x_wconf 88' lang='lat' dir='ltr'>est</span> <span class='ocrx_word' id='word_1_146' title='bbox 547 2255 698 2314; x_wconf 85' lang='lat' dir='ltr'>scribendo</span> <span class='ocrx_word' id='word_1_147' title='bbox 719 2254 856 2335; x_wconf 78' lang='grc' dir='ltr'>πρέπειν</span> <span class='ocrx_word' id='word_1_148' title='bbox 878 2276 931 2331; x_wconf 87' lang='lat' dir='ltr'>pro</span> <span class='ocrx_word' id='word_1_149' title='bbox 954 2244 1043 2333; x_wconf 81' lang='grc' dir='ltr'><strong><em>εἶναι,</em></strong></span> <span class='ocrx_word' id='word_1_150' title='bbox 1068 2258 1146 2333; x_wconf 90' lang='lat' dir='ltr'>quod</span> <span class='ocrx_word' id='word_1_151' title='bbox 1166 2274 1259 2332; x_wconf 89' lang='lat' dir='ltr'>neque</span> 
     </span>
     <span class='ocr_line' id='line_1_18' title="bbox 93 2357 1261 2436; baseline 0.001 -19"><span class='ocrx_word' id='word_1_152' title='bbox 93 2357 253 2418; x_wconf 81' lang='lat' dir='ltr'>sententiae</span> <span class='ocrx_word' id='word_1_153' title='bbox 274 2358 332 2417; x_wconf 89' lang='lat' dir='ltr'>loci</span> <span class='ocrx_word' id='word_1_154' title='bbox 353 2358 508 2434; x_wconf 80' lang='lat' dir='ltr'>respondet</span> <span class='ocrx_word' id='word_1_155' title='bbox 530 2359 559 2416; x_wconf 89' lang='lat' dir='ltr'>et</span> <span class='ocrx_word' id='word_1_156' title='bbox 580 2357 696 2435; x_wconf 83' lang='lat' dir='ltr'>longius</span> <span class='ocrx_word' id='word_1_157' title='bbox 725 2357 807 2417; x_wconf 85' lang='lat' dir='ltr'>abest</span> <span class='ocrx_word' id='word_1_158' title='bbox 828 2376 847 2417; x_wconf 90' lang='lat' dir='ltr'>a</span> <span class='ocrx_word' id='word_1_159' title='bbox 867 2358 960 2417; x_wconf 88' lang='lat' dir='ltr'>literis</span> <span class='ocrx_word' id='word_1_160' title='bbox 987 2360 1115 2420; x_wconf 82' lang='lat' dir='ltr'>traditis.</span> <span class='ocrx_word' id='word_1_161' title='bbox 1159 2360 1261 2436; x_wconf 87' lang='lat' dir='ltr'>Neque</span> 
     </span>
     <span class='ocr_line' id='line_1_19' title="bbox 92 2443 1260 2543; baseline 0.006 -25"><span class='ocrx_word' id='word_1_162' title='bbox 92 2459 411 2538; x_wconf 81' lang='lat' dir='ltr'>mugisSohneidewini</span> <span class='ocrx_word' id='word_1_163' title='bbox 431 2455 535 2521; x_wconf 75' lang='grc' dir='ltr'><strong><em>αὐτῶν</em></strong></span> <span class='ocrx_word' id='word_1_164' title='bbox 561 2493 594 2504; x_wconf 92' lang='grc'>-</span> <span class='ocrx_word' id='word_1_165' title='bbox 619 2443 738 2543; x_wconf 75' lang='grc' dir='ltr'><strong><em>ἥττονα</em></strong></span> <span class='ocrx_word' id='word_1_166' title='bbox 760 2461 921 2520; x_wconf 76' lang='lat' dir='ltr'>mutatione</span> <span class='ocrx_word' id='word_1_167' title='bbox 942 2463 1012 2523; x_wconf 88' lang='lat' dir='ltr'>satis</span> <span class='ocrx_word' id='word_1_168' title='bbox 1035 2464 1180 2536; x_wconf 89' lang='lat' dir='ltr'>docemur,</span> <span class='ocrx_word' id='word_1_169' title='bbox 1204 2484 1260 2541; x_wconf 93' lang='lat' dir='ltr'>quo</span> 
     </span>
     <span class='ocr_line' id='line_1_20' title="bbox 92 2559 1260 2648; baseline 0.001 -23"><span class='ocrx_word' id='word_1_170' title='bbox 92 2564 132 2625; x_wconf 85' lang='lat' dir='ltr'>sit</span> <span class='ocrx_word' id='word_1_171' title='bbox 152 2564 336 2623; x_wconf 87' lang='lat' dir='ltr'>referendum</span> <span class='ocrx_word' id='word_1_172' title='bbox 357 2559 463 2626; x_wconf 75' lang='grc' dir='ltr'><strong><em>αὐτῶν</em></strong></span> <span class='ocrx_word' id='word_1_173' title='bbox 491 2563 618 2639; x_wconf 87' lang='lat' dir='ltr'>quidque</span> <span class='ocrx_word' id='word_1_174' title='bbox 646 2563 702 2623; x_wconf 87' lang='lat' dir='ltr'>sibi</span> <span class='ocrx_word' id='word_1_175' title='bbox 729 2565 784 2624; x_wconf 90' lang='lat' dir='ltr'>hoe</span> <span class='ocrx_word' id='word_1_176' title='bbox 809 2566 873 2624; x_wconf 89' lang='lat' dir='ltr'>loco</span> <span class='ocrx_word' id='word_1_177' title='bbox 894 2564 967 2625; x_wconf 85' lang='lat' dir='ltr'>velit</span> <span class='ocrx_word' id='word_1_178' title='bbox 987 2559 1113 2648; x_wconf 80' lang='grc' dir='ltr'><strong><em>ἥττονα,</em></strong></span> <span class='ocrx_word' id='word_1_179' title='bbox 1160 2565 1260 2637; x_wconf 75' lang='lat' dir='ltr'>Quid?</span> 
     </span>
     <span class='ocr_line' id='line_1_21' title="bbox 93 2649 1260 2747; baseline 0.003 -23"><span class='ocrx_word' id='word_1_180' title='bbox 93 2667 170 2743; x_wconf 90' lang='lat' dir='ltr'>quod</span> <span class='ocrx_word' id='word_1_181' title='bbox 191 2666 359 2743; x_wconf 84' lang='lat' dir='ltr'>Spengelius</span> <span class='ocrx_word' id='word_1_182' title='bbox 389 2661 489 2727; x_wconf 74' lang='grc' dir='ltr'><strong><em>αὐτοῦ</em></strong></span> <span class='ocrx_word' id='word_1_183' title='bbox 512 2700 548 2710; x_wconf 93' lang='grc'><strong>-</strong></span> <span class='ocrx_word' id='word_1_184' title='bbox 571 2649 666 2747; x_wconf 74' lang='grc' dir='ltr'><strong><em>ἧττον</em></strong></span> <span class='ocrx_word' id='word_1_185' title='bbox 697 2661 768 2736; x_wconf 86' lang='grc' dir='ltr'><strong><em>ἀξια</em></strong></span> <span class='ocrx_word' id='word_1_186' title='bbox 798 2667 934 2738; x_wconf 87' lang='lat' dir='ltr'>coniecit,</span> <span class='ocrx_word' id='word_1_187' title='bbox 965 2667 1009 2726; x_wconf 85' lang='lat' dir='ltr'>ita</span> <span class='ocrx_word' id='word_1_188' title='bbox 1034 2672 1069 2728; x_wconf 88' lang='lat' dir='ltr'>ut</span> <span class='ocrx_word' id='word_1_189' title='bbox 1097 2669 1128 2726; x_wconf 91' lang='lat' dir='ltr'>in</span> <span class='ocrx_word' id='word_1_190' title='bbox 1160 2670 1260 2728; x_wconf 88' lang='lat' dir='ltr'>eadem</span> 
     </span>
     <span class='ocr_line' id='line_1_22' title="bbox 91 2756 1259 2853; baseline 0.003 -24"><span class='ocrx_word' id='word_1_191' title='bbox 91 2769 258 2829; x_wconf 85' lang='lat' dir='ltr'>definitione</span> <span class='ocrx_word' id='word_1_192' title='bbox 269 2770 347 2829; x_wconf 83' lang='lat' dir='ltr'>idem</span> <span class='ocrx_word' id='word_1_193' title='bbox 357 2771 528 2830; x_wconf 88' lang='lat' dir='ltr'>vocabulum</span> <span class='ocrx_word' id='word_1_194' title='bbox 537 2769 582 2828; x_wconf 89' lang='lat' dir='ltr'>bis</span> <span class='ocrx_word' id='word_1_195' title='bbox 596 2772 761 2845; x_wconf 87' lang='lat' dir='ltr'>poneretur.</span> <span class='ocrx_word' id='word_1_196' title='bbox 769 2762 808 2844; x_wconf 76' lang='grc'>57)</span> <span class='ocrx_word' id='word_1_197' title='bbox 841 2769 1023 2829; x_wconf 77' lang='lat' dir='ltr'>Vocabulum</span> <span class='ocrx_word' id='word_1_198' title='bbox 1043 2790 1146 2848; x_wconf 92' lang='lat' dir='ltr'>nempe</span> <span class='ocrx_word' id='word_1_199' title='bbox 1163 2756 1259 2853; x_wconf 78' lang='grc' dir='ltr'><strong><em>ἦττον</em></strong></span> 
     </span>
     <span class='ocr_line' id='line_1_23' title="bbox 90 2872 1259 2951; baseline 0.003 -19"><span class='ocrx_word' id='word_1_200' title='bbox 90 2874 203 2933; x_wconf 79' lang='lat' dir='ltr'>medela</span> <span class='ocrx_word' id='word_1_201' title='bbox 211 2874 334 2951; x_wconf 83' lang='lat' dir='ltr'>indiget.</span> <span class='ocrx_word' id='word_1_202' title='bbox 367 2875 466 2950; x_wconf 86' lang='lat' dir='ltr'>Atque</span> <span class='ocrx_word' id='word_1_203' title='bbox 479 2891 544 2931; x_wconf 90' lang='lat' dir='ltr'>cum</span> <span class='ocrx_word' id='word_1_204' title='bbox 558 2872 698 2947; x_wconf 85' lang='lat' dir='ltr'>exempla,</span> <span class='ocrx_word' id='word_1_205' title='bbox 721 2890 796 2948; x_wconf 89' lang='lat' dir='ltr'>quae</span> <span class='ocrx_word' id='word_1_206' title='bbox 817 2873 1042 2948; x_wconf 88' lang='lat' dir='ltr'>subsequuntur,</span> <span class='ocrx_word' id='word_1_207' title='bbox 1066 2875 1137 2950; x_wconf 89' lang='lat' dir='ltr'>quid</span> <span class='ocrx_word' id='word_1_208' title='bbox 1158 2876 1259 2947; x_wconf 88' lang='lat' dir='ltr'>velint,</span> 
     </span>
     <span class='ocr_line' id='line_1_24' title="bbox 90 2973 1260 3051; baseline 0 -16"><span class='ocrx_word' id='word_1_209' title='bbox 90 2976 316 3051; x_wconf 74' lang='lat' dir='ltr'>respexerimus,¹</span> <span class='ocrx_word' id='word_1_210' title='bbox 328 2976 412 3035; x_wconf 85' lang='lat' dir='ltr'>facile</span> <span class='ocrx_word' id='word_1_211' title='bbox 427 2975 623 3050; x_wconf 78' lang='lat' dir='ltr'>probabimus,</span> <span class='ocrx_word' id='word_1_212' title='bbox 645 2975 873 3050; x_wconf 80' lang='lat' dir='ltr'>inexspectatum</span> <span class='ocrx_word' id='word_1_213' title='bbox 884 2973 995 3050; x_wconf 80' lang='lat' dir='ltr'>aliquid</span> <span class='ocrx_word' id='word_1_214' title='bbox 1005 2975 1161 3034; x_wconf 84' lang='lat' dir='ltr'>desiderari</span> <span class='ocrx_word' id='word_1_215' title='bbox 1171 2979 1260 3051; x_wconf 88' lang='lat' dir='ltr'>atque</span> 
     </span>
     <span class='ocr_line' id='line_1_25' title="bbox 89 3062 1260 3164; baseline -0.002 -25"><span class='ocrx_word' id='word_1_216' title='bbox 89 3062 186 3164; x_wconf 72' lang='grc' dir='ltr'><strong><em>ἧττον</em></strong></span> <span class='ocrx_word' id='word_1_217' title='bbox 207 3081 282 3140; x_wconf 91' lang='lat' dir='ltr'>nihil</span> <span class='ocrx_word' id='word_1_218' title='bbox 303 3099 362 3141; x_wconf 84' lang='lat' dir='ltr'>esse</span> <span class='ocrx_word' id='word_1_219' title='bbox 377 3079 434 3138; x_wconf 86' lang='lat' dir='ltr'>nisi</span> <span class='ocrx_word' id='word_1_220' title='bbox 443 3078 580 3154; x_wconf 89' lang='lat' dir='ltr'>reliquias</span> <span class='ocrx_word' id='word_1_221' title='bbox 596 3079 736 3154; x_wconf 85' lang='lat' dir='ltr'>quaedam</span> <span class='ocrx_word' id='word_1_222' title='bbox 752 3075 887 3136; x_wconf 85' lang='lat' dir='ltr'>vocabuli</span> <span class='ocrx_word' id='word_1_223' title='bbox 896 3067 1062 3158; x_wconf 82' lang='grc' dir='ltr'><strong><em>ἀδόκητον,</em></strong></span> <span class='ocrx_word' id='word_1_224' title='bbox 1086 3077 1166 3135; x_wconf 88' lang='lat' dir='ltr'>ouius</span> <span class='ocrx_word' id='word_1_225' title='bbox 1179 3078 1260 3153; x_wconf 88' lang='lat' dir='ltr'>prior</span> 
     </span>
     <span class='ocr_line' id='line_1_26' title="bbox 89 3179 1259 3259; baseline -0.001 -18"><span class='ocrx_word' id='word_1_226' title='bbox 89 3200 160 3259; x_wconf 85' lang='lat' dir='ltr'>pars</span> <span class='ocrx_word' id='word_1_227' title='bbox 180 3201 249 3242; x_wconf 84' lang='lat' dir='ltr'>voce</span> <span class='ocrx_word' id='word_1_228' title='bbox 271 3179 362 3243; x_wconf 86' lang='grc' dir='ltr'><strong><em>δοκεῖ</em></strong></span> <span class='ocrx_word' id='word_1_229' title='bbox 377 3182 508 3257; x_wconf 80' lang='lat' dir='ltr'>proxima</span> <span class='ocrx_word' id='word_1_230' title='bbox 528 3180 650 3252; x_wconf 89' lang='lat' dir='ltr'>interiit,</span> <span class='ocrx_word' id='word_1_231' title='bbox 679 3179 823 3256; x_wconf 87' lang='lat' dir='ltr'>posterior</span> <span class='ocrx_word' id='word_1_232' title='bbox 845 3181 883 3238; x_wconf 85' lang='lat' dir='ltr'>ad</span> <span class='ocrx_word' id='word_1_233' title='bbox 903 3179 1059 3239; x_wconf 87' lang='lat' dir='ltr'>lectionem</span> <span class='ocrx_word' id='word_1_234' title='bbox 1079 3181 1259 3255; x_wconf 80' lang='lat' dir='ltr'>probabilem</span> 
     </span>
     <span class='ocr_line' id='line_1_27' title="bbox 88 3274 1259 3365; baseline 0 -22"><span class='ocrx_word' id='word_1_235' title='bbox 88 3284 292 3359; x_wconf 77' lang='lat' dir='ltr'>proferendam</span> <span class='ocrx_word' id='word_1_236' title='bbox 313 3284 489 3344; x_wconf 80' lang='lat' dir='ltr'>mutabatur.</span> <span class='ocrx_word' id='word_1_237' title='bbox 536 3283 621 3343; x_wconf 89' lang='lat' dir='ltr'>Unde</span> <span class='ocrx_word' id='word_1_238' title='bbox 643 3283 782 3359; x_wconf 86' lang='lat' dir='ltr'>sequitur,</span> <span class='ocrx_word' id='word_1_239' title='bbox 806 3282 894 3343; x_wconf 84' lang='lat' dir='ltr'>etiam</span> <span class='ocrx_word' id='word_1_240' title='bbox 915 3281 1089 3342; x_wconf 86' lang='lat' dir='ltr'>vocabulum</span> <span class='ocrx_word' id='word_1_241' title='bbox 1110 3274 1195 3365; x_wconf 83' lang='grc' dir='ltr'><strong><em>ἀπερ</em></strong></span> <span class='ocrx_word' id='word_1_242' title='bbox 1215 3285 1259 3344; x_wconf 85' lang='lat' dir='ltr'>ite</span> 
     </span>
     <span class='ocr_line' id='line_1_28' title="bbox 87 3372 1255 3470; baseline 0.003 -24"><span class='ocrx_word' id='word_1_243' title='bbox 87 3386 342 3463; x_wconf 83' lang='lat' dir='ltr'>interpretandum</span> <span class='ocrx_word' id='word_1_244' title='bbox 358 3407 427 3459; x_wconf 87' lang='lat' dir='ltr'>esse,</span> <span class='ocrx_word' id='word_1_245' title='bbox 450 3390 485 3446; x_wconf 90' lang='lat' dir='ltr'>ut</span> <span class='ocrx_word' id='word_1_246' title='bbox 499 3375 637 3459; x_wconf 84' lang='grc' dir='ltr'><strong><em>πάσχειν</em></strong></span> <span class='ocrx_word' id='word_1_247' title='bbox 648 3386 816 3461; x_wconf 83' lang='lat' dir='ltr'>suppleatur</span> <span class='ocrx_word' id='word_1_248' title='bbox 837 3389 867 3446; x_wconf 89' lang='lat' dir='ltr'>et</span> <span class='ocrx_word' id='word_1_249' title='bbox 888 3383 979 3446; x_wconf 82' lang='grc' dir='ltr'><strong><em>δοκεῖ</em></strong></span> <span class='ocrx_word' id='word_1_250' title='bbox 997 3372 1078 3447; x_wconf 81' lang='grc' dir='ltr'><strong><em>εἶναι</em></strong></span> <span class='ocrx_word' id='word_1_251' title='bbox 1098 3378 1255 3470; x_wconf 82' lang='grc' dir='ltr'>ἀδόκητον</span> 
     </span>
     <span class='ocr_line' id='line_1_29' title="bbox 87 3479 1256 3570; baseline 0.001 -21"><span class='ocrx_word' id='word_1_252' title='bbox 87 3490 220 3551; x_wconf 84' lang='lat' dir='ltr'>absolute</span> <span class='ocrx_word' id='word_1_253' title='bbox 240 3493 375 3566; x_wconf 87' lang='lat' dir='ltr'>ponatur.</span> <span class='ocrx_word' id='word_1_254' title='bbox 407 3491 471 3550; x_wconf 85' lang='lat' dir='ltr'>Vox</span> <span class='ocrx_word' id='word_1_255' title='bbox 492 3479 644 3570; x_wconf 81' lang='grc' dir='ltr'><strong><em>ἀδόκητος</em></strong></span> <span class='ocrx_word' id='word_1_256' title='bbox 660 3488 809 3548; x_wconf 80' lang='lat' dir='ltr'>invenitur</span> <span class='ocrx_word' id='word_1_257' title='bbox 825 3489 903 3564; x_wconf 84' lang='lat' dir='ltr'>apud</span> <span class='ocrx_word' id='word_1_258' title='bbox 917 3488 1057 3563; x_wconf 84' lang='lat' dir='ltr'>Apsinem</span> <span class='ocrx_word' id='word_1_259' title='bbox 1072 3508 1101 3564; x_wconf 90' lang='lat' dir='ltr'>p.</span> <span class='ocrx_word' id='word_1_260' title='bbox 1114 3492 1184 3550; x_wconf 84' lang='lat'>334.</span> <span class='ocrx_word' id='word_1_261' title='bbox 1200 3493 1256 3550; x_wconf 82' lang='lat'>26:</span> 
     </span>
     <span class='ocr_line' id='line_1_30' title="bbox 87 3582 1257 3677; baseline -0.001 -26"><span class='ocrx_word' id='word_1_262' title='bbox 87 3585 245 3677; x_wconf 78' lang='grc' dir='ltr'><strong><em>ἀδοκήτου</em></strong></span> <span class='ocrx_word' id='word_1_263' title='bbox 266 3586 363 3676; x_wconf 80' lang='grc' dir='ltr'><strong><em>τύχης</em></strong></span> <span class='ocrx_word' id='word_1_264' title='bbox 383 3583 536 3675; x_wconf 72' lang='grc' dir='ltr'><strong><em>ἕπηρθαι,</em></strong></span> <span class='ocrx_word' id='word_1_265' title='bbox 560 3610 587 3666; x_wconf 92' lang='lat' dir='ltr'>p.</span> <span class='ocrx_word' id='word_1_266' title='bbox 599 3593 672 3652; x_wconf 81' lang='grc'>409.</span> <span class='ocrx_word' id='word_1_267' title='bbox 686 3594 738 3653; x_wconf 80' lang='lat'>23:</span> <span class='ocrx_word' id='word_1_268' title='bbox 762 3583 858 3673; x_wconf 76' lang='grc' dir='ltr'><strong><em>ἀτης</em></strong></span> <span class='ocrx_word' id='word_1_269' title='bbox 879 3582 955 3672; x_wconf 76' lang='grc' dir='ltr'><strong><em>ἐμῆς</em></strong></span> <span class='ocrx_word' id='word_1_270' title='bbox 975 3582 1131 3671; x_wconf 76' lang='grc' dir='ltr'><strong><em>ἀδοκήτου</em></strong></span> <span class='ocrx_word' id='word_1_271' title='bbox 1153 3583 1257 3674; x_wconf 76' lang='grc' dir='ltr'><strong><em>τύχης.</em></strong></span> 
     </span>
     <span class='ocr_line' id='line_1_31' title="bbox 88 3686 1257 3778; baseline 0.001 -23"><span class='ocrx_word' id='word_1_272' title='bbox 88 3694 196 3755; x_wconf 77' lang='lat' dir='ltr'>Sensus</span> <span class='ocrx_word' id='word_1_273' title='bbox 211 3698 309 3755; x_wconf 85' lang='lat' dir='ltr'>autem</span> <span class='ocrx_word' id='word_1_274' title='bbox 324 3695 426 3754; x_wconf 87' lang='lat' dir='ltr'>similis</span> <span class='ocrx_word' id='word_1_275' title='bbox 448 3697 492 3754; x_wconf 82' lang='lat' dir='ltr'>est</span> <span class='ocrx_word' id='word_1_276' title='bbox 512 3714 541 3768; x_wconf 97' lang='lat' dir='ltr'>p.</span> <span class='ocrx_word' id='word_1_277' title='bbox 553 3695 623 3755; x_wconf 82' lang='lat'>411.</span> <span class='ocrx_word' id='word_1_278' title='bbox 639 3696 695 3754; x_wconf 87' lang='lat'>20:</span> <span class='ocrx_word' id='word_1_279' title='bbox 717 3689 770 3756; x_wconf 77' lang='grc' dir='ltr'>καὶ</span> <span class='ocrx_word' id='word_1_280' title='bbox 792 3686 831 3761; x_wconf 75' lang='grc' dir='ltr'><strong><em>ὥς</em></strong></span> <span class='ocrx_word' id='word_1_281' title='bbox 851 3687 911 3773; x_wconf 69' lang='grc' dir='ltr'>μὲν</span> <span class='ocrx_word' id='word_1_282' title='bbox 934 3690 992 3755; x_wconf 84' lang='grc' dir='ltr'>οάκ</span> <span class='ocrx_word' id='word_1_283' title='bbox 1013 3687 1257 3778; x_wconf 81' lang='grc' dir='ltr'><strong><em>ἀπροσδόκητον</em></strong></span> 
     </span>
     <span class='ocr_line' id='line_1_32' title="bbox 86 3791 859 3878; baseline 0 -23"><span class='ocrx_word' id='word_1_284' title='bbox 86 3793 143 3858; x_wconf 81' lang='grc' dir='ltr'>καὶ</span> <span class='ocrx_word' id='word_1_285' title='bbox 163 3797 293 3876; x_wconf 79' lang='grc' dir='ltr'><strong><em>χειμῶνι</em></strong></span> <span class='ocrx_word' id='word_1_286' title='bbox 313 3800 503 3878; x_wconf 84' lang='grc' dir='ltr'><strong><em>περιπεσεῖν</em></strong></span> <span class='ocrx_word' id='word_1_287' title='bbox 524 3791 664 3857; x_wconf 76' lang='grc' dir='ltr'><strong><em>πλέοντα</em></strong></span> <span class='ocrx_word' id='word_1_288' title='bbox 686 3791 859 3857; x_wconf 71' lang='grc' dir='ltr'><strong><em>θάλατταν.</em></strong></span> 
     </span>
    </p>

    <p class='ocr_par' dir='ltr' id='par_1_5' title="bbox 85 3899 1313 4285">
     <span class='ocr_line' id='line_1_33' title="bbox 173 3899 1256 3980; baseline -0.002 -19"><span class='ocrx_word' id='word_1_289' title='bbox 173 3920 202 3976; x_wconf 88' lang='lat' dir='ltr'>p.</span> <span class='ocrx_word' id='word_1_290' title='bbox 225 3902 297 3962; x_wconf 82' lang='lat'>395.</span> <span class='ocrx_word' id='word_1_291' title='bbox 321 3902 338 3960; x_wconf 85' lang='lat'>5</span> <span class='ocrx_word' id='word_1_292' title='bbox 362 3902 424 3974; x_wconf 82' lang='lat'>(97.</span> <span class='ocrx_word' id='word_1_293' title='bbox 448 3901 492 3974; x_wconf 86' lang='lat'>9):</span> <span class='ocrx_word' id='word_1_294' title='bbox 527 3899 599 3960; x_wconf 75' lang='lat' dir='ltr'>(lum</span> <span class='ocrx_word' id='word_1_295' title='bbox 628 3900 683 3959; x_wconf 89' lang='lat' dir='ltr'>hoe</span> <span class='ocrx_word' id='word_1_296' title='bbox 704 3902 766 3960; x_wconf 86' lang='lat' dir='ltr'>toto</span> <span class='ocrx_word' id='word_1_297' title='bbox 789 3901 851 3961; x_wconf 92' lang='lat' dir='ltr'>loco</span> <span class='ocrx_word' id='word_1_298' title='bbox 873 3903 979 3980; x_wconf 83' lang='lat' dir='ltr'>egetur</span> <span class='ocrx_word' id='word_1_299' title='bbox 1001 3903 1036 3961; x_wconf 90' lang='lat' dir='ltr'>de</span> <span class='ocrx_word' id='word_1_300' title='bbox 1059 3901 1171 3962; x_wconf 85' lang='lat' dir='ltr'>damnis</span> <span class='ocrx_word' id='word_1_301' title='bbox 1193 3919 1256 3960; x_wconf 90' lang='lat' dir='ltr'>cor-</span> 
     </span>
     <span class='ocr_line' id='line_1_34' title="bbox 85 4001 1313 4080; baseline -0.001 -17"><span class='ocrx_word' id='word_1_302' title='bbox 85 4001 167 4080; x_wconf 87' lang='lat' dir='ltr'>poris</span> <span class='ocrx_word' id='word_1_303' title='bbox 195 4020 287 4080; x_wconf 90' lang='lat' dir='ltr'>neque</span> <span class='ocrx_word' id='word_1_304' title='bbox 315 4003 453 4079; x_wconf 84' lang='lat' dir='ltr'>vapulare</span> <span class='ocrx_word' id='word_1_305' title='bbox 484 4003 570 4063; x_wconf 80' lang='lat' dir='ltr'>aliter</span> <span class='ocrx_word' id='word_1_306' title='bbox 598 4002 664 4078; x_wconf 86' lang='lat' dir='ltr'>quis</span> <span class='ocrx_word' id='word_1_307' title='bbox 691 4002 861 4080; x_wconf 84' lang='lat' dir='ltr'>intellegere</span> <span class='ocrx_word' id='word_1_308' title='bbox 881 4004 972 4078; x_wconf 89' lang='lat' dir='ltr'>possit</span> <span class='ocrx_word' id='word_1_309' title='bbox 992 4004 1049 4063; x_wconf 89' lang='lat' dir='ltr'>nisi</span> <span class='ocrx_word' id='word_1_310' title='bbox 1070 4005 1106 4063; x_wconf 89' lang='lat' dir='ltr'>de</span> <span class='ocrx_word' id='word_1_311' title='bbox 1128 4021 1256 4079; x_wconf 85' lang='lat' dir='ltr'>corpore,</span> <span class='ocrx_word' id='word_1_312' title='bbox 1310 4004 1313 4009; x_wconf 79' lang='grc'>’</span> 
     </span>
     <span class='ocr_line' id='line_1_35' title="bbox 86 4099 1256 4188; baseline -0.003 -22"><span class='ocrx_word' id='word_1_313' title='bbox 86 4110 259 4167; x_wconf 81' lang='lat' dir='ltr'>annotatum</span> <span class='ocrx_word' id='word_1_314' title='bbox 289 4109 333 4165; x_wconf 90' lang='lat' dir='ltr'>est</span> <span class='ocrx_word' id='word_1_315' title='bbox 363 4106 437 4164; x_wconf 89' lang='lat' dir='ltr'>illud</span> <span class='ocrx_word' id='word_1_316' title='bbox 462 4103 540 4188; x_wconf 83' lang='grc' dir='ltr'><strong><em>περὶ</em></strong></span> <span class='ocrx_word' id='word_1_317' title='bbox 568 4099 608 4165; x_wconf 83' lang='grc' dir='ltr'><strong><em>τδ</em></strong></span> <span class='ocrx_word' id='word_1_318' title='bbox 629 4106 720 4185; x_wconf 81' lang='grc' dir='ltr'><strong><em>σῶμα</em></strong></span> <span class='ocrx_word' id='word_1_319' title='bbox 742 4124 759 4165; x_wconf 86' lang='lat' dir='ltr'>a</span> <span class='ocrx_word' id='word_1_320' title='bbox 781 4104 921 4184; x_wconf 82' lang='lat' dir='ltr'>magistro</span> <span class='ocrx_word' id='word_1_321' title='bbox 943 4105 989 4164; x_wconf 89' lang='lat' dir='ltr'>vel</span> <span class='ocrx_word' id='word_1_322' title='bbox 1010 4105 1117 4164; x_wconf 86' lang='lat' dir='ltr'>lectore</span> <span class='ocrx_word' id='word_1_323' title='bbox 1139 4104 1256 4179; x_wconf 80' lang='lat' dir='ltr'>stupido</span> 
     </span>
     <span class='ocr_line' id='line_1_36' title="bbox 87 4208 288 4285; baseline 0 -16"><span class='ocrx_word' id='word_1_324' title='bbox 87 4208 141 4269; x_wconf 92' lang='lat' dir='ltr'>illo</span> <span class='ocrx_word' id='word_1_325' title='bbox 163 4210 288 4285; x_wconf 87' lang='lat' dir='ltr'>quidem.</span> 
     </span>
    </p>

    <p class='ocr_par' dir='ltr' id='par_1_6' title="bbox 85 4302 1256 4491">
     <span class='ocr_line' id='line_1_37' title="bbox 173 4302 1256 4393; baseline -0.002 -21"><span class='ocrx_word' id='word_1_326' title='bbox 173 4331 202 4387; x_wconf 91' lang='lat' dir='ltr'>p.</span> <span class='ocrx_word' id='word_1_327' title='bbox 214 4314 284 4374; x_wconf 84' lang='lat'>395.</span> <span class='ocrx_word' id='word_1_328' title='bbox 302 4314 342 4373; x_wconf 88' lang='grc'>29</span> <span class='ocrx_word' id='word_1_329' title='bbox 366 4312 517 4387; x_wconf 83' lang='grc'>(98.18);</span> <span class='ocrx_word' id='word_1_330' title='bbox 539 4302 660 4379; x_wconf 80' lang='grc' dir='ltr'><strong><em>Σκότος</em></strong></span> <span class='ocrx_word' id='word_1_331' title='bbox 680 4303 767 4371; x_wconf 72' lang='grc' dir='ltr'><strong><em>πολι)</em></strong></span> <span class='ocrx_word' id='word_1_332' title='bbox 787 4307 841 4372; x_wconf 80' lang='grc' dir='ltr'>καὶ</span> <span class='ocrx_word' id='word_1_333' title='bbox 862 4303 898 4370; x_wconf 85' lang='grc' dir='ltr'><strong><em>τδ</em></strong></span> <span class='ocrx_word' id='word_1_334' title='bbox 914 4307 1030 4393; x_wconf 82' lang='grc' dir='ltr'><strong><em>μηδενὶ</em></strong></span> <span class='ocrx_word' id='word_1_335' title='bbox 1050 4310 1172 4391; x_wconf 84' lang='grc' dir='ltr'><strong><em>χαίρειν</em></strong></span> <span class='ocrx_word' id='word_1_336' title='bbox 1190 4312 1256 4380; x_wconf 83' lang='grc' dir='ltr'><strong><em>τοῖς</em></strong></span> 
     </span>
     <span class='ocr_line' id='line_1_38' title="bbox 85 4405 1256 4491; baseline -0.001 -16"><span class='ocrx_word' id='word_1_337' title='bbox 85 4408 195 4484; x_wconf 85' lang='grc' dir='ltr'><strong><em>αάτοῑς</em></strong></span> <span class='ocrx_word' id='word_1_338' title='bbox 217 4415 283 4482; x_wconf 85' lang='grc' dir='ltr'><strong><em>τοῖς</em></strong></span> <span class='ocrx_word' id='word_1_339' title='bbox 304 4408 412 4482; x_wconf 76' lang='grc' dir='ltr'><strong><em>ἄλλοις</em></strong></span> <span class='ocrx_word' id='word_1_340' title='bbox 432 4405 602 4476; x_wconf 68' lang='grc' dir='ltr'><strong><em>δύνασθαι.</em></strong></span> <span class='ocrx_word' id='word_1_341' title='bbox 645 4413 754 4474; x_wconf 86' lang='lat' dir='ltr'>Bakius</span> <span class='ocrx_word' id='word_1_342' title='bbox 774 4413 847 4475; x_wconf 78' lang='lat' dir='ltr'>falso</span> <span class='ocrx_word' id='word_1_343' title='bbox 868 4413 985 4491; x_wconf 87' lang='lat' dir='ltr'>recepit,</span> <span class='ocrx_word' id='word_1_344' title='bbox 1009 4431 1083 4491; x_wconf 85' lang='lat' dir='ltr'>quae</span> <span class='ocrx_word' id='word_1_345' title='bbox 1100 4413 1256 4474; x_wconf 82' lang='lat' dir='ltr'>deteriores</span> 
     </span>
    </p>
   </div>
   <div class='ocr_carea' id='block_1_3' title="bbox 0 0 1504 5108">
    <p class='ocr_par' dir='ltr' id='par_1_7' title="bbox 0 0 1504 5108">
     <span class='ocr_line' id='line_1_39' title="bbox 0 0 1504 5108; baseline 0 3"><span class='ocrx_word' id='word_1_346' title='bbox 0 0 1504 5108; x_wconf 95' lang='lat' dir='ltr'> </span> 
     </span>
    </p>
   </div>
  </div>
 </body>
</html>
