3000 5108
163 701 318 761 nuntiatus
339 705 397 774 est,
427 702 478 760 sed
501 720 567 759 eum
587 701 664 759 filius
687 701 748 759 eius
770 700 950 772 Gordianus,
981 702 1220 778 quem-legatum
1243 721 1342 760 secum

165 797 346 879 duxerat,¹¹)
377 803 408 861 in
429 822 529 880 pugna
551 808 653 865 contra
665 803 862 879 Capelianum,
887 803 1016 879 quierat
1037 821 1090 877 pro
1112 806 1342 877 praetorellau·

80 922 82 929 ·
163 904 306 977 reteniae,
327 905 422 965 vietus
444 909 474 964 et
495 906 667 966 interiectus
689 909 773 977 esset,
797 906 858 981 ipse
879 905 935 965 sibi
956 907 1080 963 mortem
1097 905 1239 966 conscivit
1253 907 1341 980 (anno

167 1014 250 1085 237).
294 1014 397 1088 Itaque
418 1016 487 1071 aute
508 1012 585 1069 hunc
607 1028 716 1069 annum
732 1010 927 1069 Philostratus
944 1006 1021 1066 vitas
1043 1007 1239 1082 sophistarum
1262 1028 1339 1067 com-

165 1114 281 1189 pesuit3
305 1117 393 1191 atque
408 1114 610 1174 cumscribat:
635 1105 745 1192 ὥσπερ
760 1107 778 1171 ὁ
792 1104 911 1192 κρατήρ
932 1111 987 1192 τῆς
998 1103 1128 1193 Ἑλένης
1145 1115 1211 1180 τοῖς
1221 1107 1340 1188 Αἰγυπ-

164 1213 244 1283 τίοις
265 1207 452 1294 φαρμάκοις,
481 1217 654 1276 concludere
675 1215 754 1289 licet,
778 1216 1000 1285 Philostratum,
1032 1234 1097 1272 cum
1119 1216 1342 1277 administraret

166 1319 333 1381 Gordianus
345 1319 526 1394 provinciam
536 1319 678 1390 Africam,
701 1319 787 1378 Vitas
805 1320 831 1376 ei
848 1319 967 1377 misisse.
1002 1317 1059 1376 Sed
1081 1317 1135 1376 hoc
1157 1336 1233 1377 anno
1255 1319 1341 1394 Apsi-

164 1442 233 1483 nem
254 1425 384 1483 nondum
405 1422 494 1481 fuisse
515 1423 664 1480 mortuum
685 1424 719 1480 ut
742 1423 867 1494 credam,
889 1423 945 1480 hae
966 1421 1080 1480 ratione
1103 1421 1240 1482 adducor.

105 1500 111 1511 Ι
252 1525 359 1585 Suidas
380 1524 426 1584 his
447 1523 518 1583 loeis
541 1521 660 1597 Apsinie
683 1524 858 1583 Gadarensis
880 1522 1057 1583 mentionem
1079 1525 1161 1584 facit.

250 1628 276 1688 Ι.
310 1621 428 1707 Μαΐωρ
453 1617 595 1706 Ἀράβιος
621 1619 778 1707 σοφιστής
805 1621 926 1708 ἔγραψε
954 1623 1033 1704 περὶ
1061 1618 1205 1688 στάσεων
1233 1623 1340 1707 βιβλία

164 1723 215 1807 ιγ’,
237 1723 446 1810 σννεχρόνισε
468 1723 504 1789 δὲ
524 1724 642 1812 Ἀψίνῃ
663 1727 717 1790 καὶ
738 1722 910 1814 Νικαγόρα,
933 1721 990 1789 ἐπὶ
1005 1725 1176 1791 Φιλίππου
1196 1732 1255 1791 τοῦ
1266 1730 1341 1790 Καί-

163 1846 263 1914 σαρος
283 1830 336 1894 καὶ
358 1824 477 1905 ἐπάνω,
505 1850 574 1907 ergo
596 1833 649 1890 sub
672 1850 782 1890 annum
805 1833 1033 1893 ducentesimum
1055 1834 1340 1911 undequinquagesi-

163 1958 246 1997 mum
268 1941 298 1997 et
320 1939 423 2009 antea3
447 1954 516 1993 nam
539 1936 580 1994 M.
603 1935 702 1994 Julius
724 1935 877 2012 Philippus
899 1937 995 1997 Arabs
1016 1939 1053 1996 ab
1076 1937 1165 1997 tertio
1188 1937 1339 1997 Gordiano

162 2040 331 2117 praefectus
352 2039 498 2115 praetorio
521 2043 551 2096 et
574 2037 678 2097 Caesar
700 2038 870 2114 designatus
892 2041 935 2098 est
956 2058 1032 2100 anno
1056 2043 1117 2100 243
1139 2043 1169 2098 et
1190 2043 1257 2114 post
1277 2039 1340 2100 eius

162 2146 290 2202 mortem
319 2143 458 2203 suecessit
489 2160 566 2202 anno
598 2144 678 2213 2443
713 2141 842 2200 deiectus
872 2144 971 2200 autem
1002 2145 1037 2203 de
1065 2143 1186 2217 imperio
1208 2161 1226 2201 a
1248 2143 1337 2202 Decio

160 2264 241 2305 anno
265 2249 325 2306 249
355 2248 436 2306 etin
463 2263 562 2323 pugna
582 2244 744 2302 Veronensi
774 2244 946 2304 interfectus
975 2250 1027 2306 est.
1072 2246 1148 2306 Dein
1169 2247 1337 2322 Nicagoras

162 2347 219 2423 qui
240 2346 312 2406 item
333 2346 461 2423 aequalis
483 2347 602 2407 Maioris
624 2346 796 2421 appellatur,
819 2346 973 2407 familiaris
995 2349 1052 2408 fuit
1067 2349 1240 2409 Philostrati
1249 2343 1287 2424 12)
1309 2352 1338 2408 et

161 2448 328 2510 orationem
349 2449 388 2507 ad
410 2449 617 2524 imperatorem
639 2449 809 2523 Philippum
831 2450 909 2509 fecit.
922 2445 960 2525 ¹³)

251 2550 291 2610 Il.
328 2542 482 2633 Φρόντων
503 2544 680 2634 Ἑμεσηνὸς
707 2544 820 2634 ῥήτωρ,
851 2547 982 2628 γεγονώς
1009 2545 1066 2615 ἐπὶ
1087 2546 1253 2636 Σεονήρον
1279 2556 1338 2615 τοῦ

160 2647 318 2735 βασιλέως
335 2645 370 2713 ἒν
387 2645 510 2736 Ῥώμῃ·
533 2645 568 2714 ἒν
587 2649 623 2716 δὲ
637 2647 790 2734 Ἀθήναις
812 2652 1043 2719 devenustare
1066 2650 1273 2739 Φιλαστράτῳ
1295 2660 1340 2739 τῷ

160 2747 283 2837 πρώτῳ
303 2752 358 2816 καὶ
380 2752 498 2840 Ἀψίνῃ
515 2759 558 2838 τῷ
578 2756 730 2838 Γαδαρεῖ·
755 2750 939 2841 ἐτελεύτησε
960 2755 996 2821 δὲ
1018 2755 1052 2820 ἐν
1074 2753 1237 2843 Ἀθήναις,
1260 2759 1337 2842 περὶ

163 2852 320 2942 ἑξήκοντα
347 2855 399 2942 ἔτη
422 2853 563 2935 γεγονώς.
601 2862 705 2939 Itaque
728 2863 752 2921 ei
774 2867 852 2923 recte
873 2857 1005 2938 γεγονώς
1027 2854 1083 2924 ἐπὶ
1106 2857 1272 2947 Σεονήρον
1293 2866 1338 2924 in·

163 2964 282 3043 tellego,
292 2959 330 3040 14)
359 2964 490 3023 Phronto
513 2965 670 3059 Emesenus
696 2969 782 3025 natus
804 2970 848 3026 est
869 2967 1032 3042 imperante
1056 2967 1196 3042 Septimia
1220 2968 1337 3039 Severo,
1392 3002 1397 3021 ,-
1479 2976 1484 2991 ’

163 3070 211 3130 ita
231 3073 275 3142 ut,
298 3089 364 3129 oum
386 3068 535 3145 sexaginta
556 3085 646 3128 anuos
667 3070 795 3141 vixisset,
819 3070 879 3130 eius
900 3073 980 3131 aetas
1002 3072 1125 3130 fortasse
1142 3072 1339 3130 contineretur

164 3192 243 3232 auno
264 3173 324 3231 fere
346 3172 505 3232 centesimo
526 3171 713 3247 nonagesimo
736 3172 824 3231 tertio
847 3176 876 3232 et
893 3190 969 3232 anno
989 3174 1184 3234 ducentesimo
1197 3174 1338 3250 quinqua-

166 3278 277 3357 gesimo
299 3277 398 3337 tertio.
443 3274 496 3333 Oui
517 3274 561 3333 rei
582 3275 671 3334 etiam
700 3276 755 3335 hoe
783 3277 933 3347 convenit,
965 3277 1043 3352 quod
1072 3276 1202 3335 Phronto
1235 3276 1338 3335 advor-

164 3380 260 3441 sarius
276 3380 395 3456 Apsiuis
417 3378 534 3452 dicitur,
558 3378 684 3452 Apsines
705 3381 812 3449 antem,
835 3379 866 3439 id
889 3379 966 3454 quad
987 3379 1065 3437 inira
1085 3377 1249 3436 accuratius
1271 3379 1339 3436 defi-

164 3484 255 3557 niam,
278 3485 362 3544 annis
384 3485 443 3542 fero
466 3485 632 3543 auo-249
656 3482 781 3541 Athenis
802 3485 897 3541 artem
918 3485 1063 3557 professus
1085 3488 1137 3542 est.

252 3589 307 3649 ΙΠ.
340 3587 524 3662 Discipulum
546 3584 665 3660 Apsinis
687 3585 862 3644 &adarensis
888 3584 977 3644 fuisse
999 3584 1145 3644 Gaianum
1168 3584 1273 3643 Suidas
1294 3604 1339 3642 re-

84 3722 87 3727 ·
164 3690 226 3748 fert
239 3708 264 3749 s.
279 3710 322 3749 v.:
345 3684 481 3757 Γαλανᾶς
502 3681 646 3768 Ἀράβιος
668 3680 832 3769 σοφιστής,
856 3678 1003 3767 μαθητής
1019 3681 1155 3768 Ἀψίναυ
1170 3687 1230 3747 τοῦ
1239 3683 1340 3746 Γαδα-

167 3788 258 3873 pecs·
280 3779 322 3874 ἦν
343 3788 379 3855 δὲ
401 3784 460 3853 ἕπτ’
478 3808 513 3851 τε
534 3787 721 3867 Μαξιμίνον
743 3786 796 3849 καὶ
816 3788 1004 3868 Γορδιανοῦ.

253 3896 336 3955 Vixit
357 3897 450 3973 igitur
477 3895 526 3954 hic
547 3894 600 3953 sub
631 3893 856 3967 imperatoribus
879 3892 1038 3952 Maximino
1061 3894 1090 3951 et
1113 3892 1276 3965 Gordiano,
1308 3894 1340 3954 id

166 4000 213 4056 est
234 3996 311 4056 cirea
331 4016 422 4057 annos
444 3999 610 4058 235-244
634 4016 661 4071 p.
686 3995 773 4066 Ohr.;
795 3997 872 4056 unde
893 3996 1032 4072 sequitur,
1055 3998 1099 4066 ut,
1123 4013 1188 4054 cum
1211 3996 1337 4072 discipu-

166 4100 216 4158 lus
237 4100 290 4158 sub
310 4099 362 4158 hos
384 4118 474 4159 annos
495 4104 586 4160 artem
610 4099 787 4159 rhetoricam
808 4100 952 4175 professus
974 4098 1022 4170 eit,
1054 4098 1179 4174 Apsines
1200 4101 1340 4178 magister

167 4206 238 4262 ante
259 4222 306 4262 eos
326 4203 434 4262 vixerit
455 4206 484 4262 et
505 4207 599 4262 artem
621 4204 680 4263 iam
701 4204 848 4274 docuerit3
882 4202 987 4278 quibus
1014 4201 1091 4260 enim
1114 4203 1235 4278 quisque
1257 4204 1340 4262 annis

104 4348 107 4353 -
169 4305 318 4365 doetrinae
340 4305 427 4364 laude
447 4307 572 4364 maxime
595 4306 730 4384 cognitus
752 4306 949 4380 probatusque
965 4307 1038 4376 erat,
1062 4322 1108 4363 eos
1121 4304 1152 4362 in
1163 4305 1340 4365 nominanda

168 4407 393 4483 uniuscuiusque
416 4412 512 4468 aetate
534 4409 640 4468 Suidas
661 4427 767 4485 ponere
789 4410 872 4468 solet.
