<?xml version="1.0" encoding="UTF-8"?>
<!DOCTYPE html PUBLIC "-//W3C//DTD XHTML 1.0 Transitional//EN"
    "http://www.w3.org/TR/xhtml1/DTD/xhtml1-transitional.dtd">
<html xmlns="http://www.w3.org/1999/xhtml" xml:lang="en" lang="en">
 <head>
  <title>
</title>
<meta http-equiv="Content-Type" content="text/html;charset=utf-8" />
  <meta name='ocr-system' content='tesseract 3.04.00' />
  <meta name='ocr-capabilities' content='ocr_page ocr_carea ocr_par ocr_line ocrx_word'/>
</head>
<body>
  <div class='ocr_page' id='page_1' title='image "./deapsinerhetore00hammgoog_0009.png"; bbox 0 0 3000 5108; ppageno 0'>
   <div class='ocr_carea' id='block_1_1' title="bbox 1005 39 1394 267">
    <p class='ocr_par' dir='ltr' id='par_1_1' title="bbox 1005 39 1394 267">
     <span class='ocr_line' id='line_1_1' title="bbox 1005 39 1394 267; baseline 0 0"><span class='ocrx_word' id='word_1_1' title='bbox 1005 152 1010 160; x_wconf 94' lang='lat'>·</span> <span class='ocrx_word' id='word_1_2' title='bbox 1107 39 1394 267; x_wconf 76' lang='lat' dir='ltr'>···l</span> 
     </span>
    </p>
   </div>
   <div class='ocr_carea' id='block_1_2' title="bbox 39 630 1379 2253">
    <p class='ocr_par' dir='ltr' id='par_1_2' title="bbox 727 630 744 688">
     <span class='ocr_line' id='line_1_2' title="bbox 727 630 744 688; baseline 0 0"><span class='ocrx_word' id='word_1_3' title='bbox 727 630 744 688; x_wconf 93' lang='grc'><strong>6</strong></span> 
     </span>
    </p>

    <p class='ocr_par' dir='ltr' id='par_1_3' title="bbox 150 813 1324 1105">
     <span class='ocr_line' id='line_1_3' title="bbox 236 813 1324 893; baseline -0.006 -15"><span class='ocrx_word' id='word_1_4' title='bbox 236 821 287 882; x_wconf 84' lang='lat' dir='ltr'>IV.</span> <span class='ocrx_word' id='word_1_5' title='bbox 322 820 447 893; x_wconf 84' lang='lat' dir='ltr'>hpsines</span> <span class='ocrx_word' id='word_1_6' title='bbox 470 818 592 892; x_wconf 90' lang='lat' dir='ltr'>denique</span> <span class='ocrx_word' id='word_1_7' title='bbox 616 817 792 878; x_wconf 83' lang='lat' dir='ltr'>Gadareusis</span> <span class='ocrx_word' id='word_1_8' title='bbox 813 817 873 891; x_wconf 90' lang='lat' dir='ltr'>ipse</span> <span class='ocrx_word' id='word_1_9' title='bbox 896 835 914 873; x_wconf 91' lang='lat' dir='ltr'>a</span> <span class='ocrx_word' id='word_1_10' title='bbox 935 815 1027 874; x_wconf 88' lang='lat' dir='ltr'>Suida</span> <span class='ocrx_word' id='word_1_11' title='bbox 1048 814 1209 888; x_wconf 88' lang='lat' dir='ltr'>imperante</span> <span class='ocrx_word' id='word_1_12' title='bbox 1231 813 1324 872; x_wconf 83' lang='lat' dir='ltr'>Maxi-</span> 
     </span>
     <span class='ocr_line' id='line_1_4' title="bbox 150 907 1322 1002; baseline -0.004 -23"><span class='ocrx_word' id='word_1_13' title='bbox 150 923 229 981; x_wconf 86' lang='lat' dir='ltr'>mino</span> <span class='ocrx_word' id='word_1_14' title='bbox 261 922 351 981; x_wconf 79' lang='lat' dir='ltr'>fuisse</span> <span class='ocrx_word' id='word_1_15' title='bbox 378 923 524 992; x_wconf 76' lang='lat' dir='ltr'><strong>traditur,</strong></span> <span class='ocrx_word' id='word_1_16' title='bbox 557 939 623 978; x_wconf 90' lang='lat' dir='ltr'>eum</span> <span class='ocrx_word' id='word_1_17' title='bbox 654 921 735 979; x_wconf 89' lang='lat' dir='ltr'>dieat</span> <span class='ocrx_word' id='word_1_18' title='bbox 756 916 890 1002; x_wconf 83' lang='grc' dir='ltr'><strong><em>Ἀψίνης</em></strong></span> <span class='ocrx_word' id='word_1_19' title='bbox 911 909 1071 996; x_wconf 75' lang='grc' dir='ltr'><strong><em>Γαδαρεύς</em></strong></span> <span class='ocrx_word' id='word_1_20' title='bbox 1092 907 1258 998; x_wconf 77' lang='grc' dir='ltr'><strong><em>σοφιστής,</em></strong></span> <span class='ocrx_word' id='word_1_21' title='bbox 1282 949 1322 958; x_wconf 96' lang='grc'><strong>-</strong></span> 
     </span>
     <span class='ocr_line' id='line_1_5' title="bbox 151 1015 1033 1105; baseline -0.002 -21"><span class='ocrx_word' id='word_1_22' title='bbox 151 1016 383 1102; x_wconf 77' lang='grc' dir='ltr'><strong><em>ἑσοφίστοοσεν</em></strong></span> <span class='ocrx_word' id='word_1_23' title='bbox 404 1015 566 1105; x_wconf 71' lang='grc' dir='ltr'><strong><em>Ἀθήνησι</em></strong></span> <span class='ocrx_word' id='word_1_24' title='bbox 586 1015 813 1101; x_wconf 75' lang='grc' dir='ltr'><strong><em>βασιλεύοντος</em></strong></span> <span class='ocrx_word' id='word_1_25' title='bbox 835 1018 1033 1097; x_wconf 76' lang='grc' dir='ltr'><strong><em>Μαξιιιίνοο.</em></strong></span> 
     </span>
    </p>

    <p class='ocr_par' dir='ltr' id='par_1_4' title="bbox 150 1134 1326 1839">
     <span class='ocr_line' id='line_1_6' title="bbox 235 1134 1324 1217; baseline -0.01 -11"><span class='ocrx_word' id='word_1_26' title='bbox 235 1147 362 1206; x_wconf 75' lang='lat' dir='ltr'><strong>Auditor</strong></span> <span class='ocrx_word' id='word_1_27' title='bbox 384 1148 482 1204; x_wconf 90' lang='lat' dir='ltr'>autem</span> <span class='ocrx_word' id='word_1_28' title='bbox 503 1134 564 1202; x_wconf 74' lang='lat' dir='ltr'>fuit</span> <span class='ocrx_word' id='word_1_29' title='bbox 585 1143 662 1200; x_wconf 88' lang='lat' dir='ltr'>idem</span> <span class='ocrx_word' id='word_1_30' title='bbox 685 1142 850 1203; x_wconf 84' lang='lat' dir='ltr'>Heraclidis</span> <span class='ocrx_word' id='word_1_31' title='bbox 872 1141 957 1217; x_wconf 84' lang='lat' dir='ltr'>Lycii</span> <span class='ocrx_word' id='word_1_32' title='bbox 980 1141 1132 1216; x_wconf 83' lang='lat' dir='ltr'>Smyrnae,</span> <span class='ocrx_word' id='word_1_33' title='bbox 1155 1143 1219 1198; x_wconf 90' lang='lat' dir='ltr'>tum</span> <span class='ocrx_word' id='word_1_34' title='bbox 1241 1138 1324 1196; x_wconf 80' lang='lat' dir='ltr'>Basi-</span> 
     </span>
     <span class='ocr_line' id='line_1_7' title="bbox 150 1240 1325 1321; baseline -0.01 -11"><span class='ocrx_word' id='word_1_35' title='bbox 150 1252 198 1309; x_wconf 88' lang='lat' dir='ltr'>lici</span> <span class='ocrx_word' id='word_1_36' title='bbox 220 1249 415 1311; x_wconf 76' lang='lat' dir='ltr'>Nicomediae.</span> <span class='ocrx_word' id='word_1_37' title='bbox 460 1248 533 1306; x_wconf 82' lang='lat' dir='ltr'>Erat</span> <span class='ocrx_word' id='word_1_38' title='bbox 562 1249 662 1305; x_wconf 89' lang='lat' dir='ltr'>autem</span> <span class='ocrx_word' id='word_1_39' title='bbox 683 1246 851 1304; x_wconf 82' lang='lat' dir='ltr'>Heraclides</span> <span class='ocrx_word' id='word_1_40' title='bbox 873 1245 980 1321; x_wconf 84' lang='lat' dir='ltr'>Lycius</span> <span class='ocrx_word' id='word_1_41' title='bbox 1012 1242 1170 1317; x_wconf 87' lang='lat' dir='ltr'>discipulus</span> <span class='ocrx_word' id='word_1_42' title='bbox 1198 1240 1325 1300; x_wconf 86' lang='lat' dir='ltr'>Herodis</span> 
     </span>
     <span class='ocr_line' id='line_1_8' title="bbox 151 1345 1324 1424; baseline -0.007 -12"><span class='ocrx_word' id='word_1_43' title='bbox 151 1353 254 1423; x_wconf 83' lang='lat' dir='ltr'>Attici,</span> <span class='ocrx_word' id='word_1_44' title='bbox 277 1351 411 1420; x_wconf 90' lang='lat' dir='ltr'>Adriani,</span> <span class='ocrx_word' id='word_1_45' title='bbox 434 1348 556 1420; x_wconf 78' lang='lat' dir='ltr'>Chresti,</span> <span class='ocrx_word' id='word_1_46' title='bbox 581 1348 744 1420; x_wconf 89' lang='lat' dir='ltr'>Aristoclis‚</span> <span class='ocrx_word' id='word_1_47' title='bbox 755 1345 792 1421; x_wconf 81' lang='grc'>15)</span> <span class='ocrx_word' id='word_1_48' title='bbox 815 1349 867 1424; x_wconf 91' lang='lat' dir='ltr'>qui</span> <span class='ocrx_word' id='word_1_49' title='bbox 889 1365 987 1407; x_wconf 91' lang='lat' dir='ltr'>omncs</span> <span class='ocrx_word' id='word_1_50' title='bbox 1008 1347 1220 1423; x_wconf 70' lang='lat' dir='ltr'>imperantibus</span> <span class='ocrx_word' id='word_1_51' title='bbox 1231 1346 1324 1405; x_wconf 87' lang='lat' dir='ltr'>Anto·</span> 
     </span>
     <span class='ocr_line' id='line_1_9' title="bbox 150 1450 1325 1529; baseline -0.008 -14"><span class='ocrx_word' id='word_1_52' title='bbox 150 1456 227 1515; x_wconf 90' lang='lat' dir='ltr'>niuis</span> <span class='ocrx_word' id='word_1_53' title='bbox 249 1456 343 1513; x_wconf 85' lang='lat' dir='ltr'>artem</span> <span class='ocrx_word' id='word_1_54' title='bbox 364 1452 584 1529; x_wconf 87' lang='lat' dir='ltr'>profitebantur.</span> <span class='ocrx_word' id='word_1_55' title='bbox 622 1452 787 1512; x_wconf 89' lang='lat' dir='ltr'>Adrianum</span> <span class='ocrx_word' id='word_1_56' title='bbox 810 1451 928 1528; x_wconf 90' lang='lat' dir='ltr'>quidem</span> <span class='ocrx_word' id='word_1_57' title='bbox 951 1452 1099 1512; x_wconf 77' lang='lat' dir='ltr'>euroeae</span> <span class='ocrx_word' id='word_1_58' title='bbox 1115 1450 1224 1509; x_wconf 85' lang='lat' dir='ltr'>Romae</span> <span class='ocrx_word' id='word_1_59' title='bbox 1246 1467 1325 1508; x_wconf 90' lang='lat' dir='ltr'>mor-</span> 
     </span>
     <span class='ocr_line' id='line_1_10' title="bbox 151 1550 1326 1630; baseline -0.009 -10"><span class='ocrx_word' id='word_1_60' title='bbox 151 1565 235 1620; x_wconf 90' lang='lat' dir='ltr'>tuum</span> <span class='ocrx_word' id='word_1_61' title='bbox 257 1576 315 1618; x_wconf 86' lang='lat' dir='ltr'>esse</span> <span class='ocrx_word' id='word_1_62' title='bbox 338 1550 507 1630; x_wconf 63' lang='lat' dir='ltr'>constatffi)</span> <span class='ocrx_word' id='word_1_63' title='bbox 539 1554 709 1614; x_wconf 80' lang='lat' dir='ltr'>Heraclides</span> <span class='ocrx_word' id='word_1_64' title='bbox 730 1558 884 1630; x_wconf 89' lang='lat' dir='ltr'>postquam</span> <span class='ocrx_word' id='word_1_65' title='bbox 896 1554 1021 1613; x_wconf 87' lang='lat' dir='ltr'>Athenis</span> <span class='ocrx_word' id='word_1_66' title='bbox 1037 1555 1131 1611; x_wconf 89' lang='lat' dir='ltr'>artem</span> <span class='ocrx_word' id='word_1_67' title='bbox 1148 1551 1326 1611; x_wconf 80' lang='lat' dir='ltr'>rhetoricam</span> 
     </span>
     <span class='ocr_line' id='line_1_11' title="bbox 151 1656 1326 1735; baseline -0.006 -15"><span class='ocrx_word' id='word_1_68' title='bbox 151 1660 260 1732; x_wconf 87' lang='lat' dir='ltr'>docuit,</span> <span class='ocrx_word' id='word_1_69' title='bbox 283 1660 404 1720; x_wconf 90' lang='lat' dir='ltr'>transiit</span> <span class='ocrx_word' id='word_1_70' title='bbox 426 1659 598 1735; x_wconf 80' lang='lat' dir='ltr'>Smyrnam,</span> <span class='ocrx_word' id='word_1_71' title='bbox 629 1658 694 1729; x_wconf 92' lang='lat' dir='ltr'>ubi,</span> <span class='ocrx_word' id='word_1_72' title='bbox 727 1677 793 1716; x_wconf 91' lang='lat' dir='ltr'>eum</span> <span class='ocrx_word' id='word_1_73' title='bbox 816 1658 932 1733; x_wconf 87' lang='lat' dir='ltr'>quando</span> <span class='ocrx_word' id='word_1_74' title='bbox 954 1658 1117 1716; x_wconf 89' lang='lat' dir='ltr'>orationem</span> <span class='ocrx_word' id='word_1_75' title='bbox 1139 1657 1176 1716; x_wconf 87' lang='lat' dir='ltr'>ad</span> <span class='ocrx_word' id='word_1_76' title='bbox 1200 1656 1326 1730; x_wconf 83' lang='lat' dir='ltr'>impera-</span> 
     </span>
     <span class='ocr_line' id='line_1_12' title="bbox 150 1753 1325 1839; baseline -0.007 -15"><span class='ocrx_word' id='word_1_77' title='bbox 150 1768 245 1824; x_wconf 91' lang='lat' dir='ltr'>torem</span> <span class='ocrx_word' id='word_1_78' title='bbox 267 1764 406 1824; x_wconf 89' lang='lat' dir='ltr'>Severum</span> <span class='ocrx_word' id='word_1_79' title='bbox 428 1763 561 1833; x_wconf 87' lang='lat' dir='ltr'>haberet,</span> <span class='ocrx_word' id='word_1_80' title='bbox 592 1763 709 1839; x_wconf 82' lang='lat' dir='ltr'>linguae</span> <span class='ocrx_word' id='word_1_81' title='bbox 729 1761 872 1821; x_wconf 85' lang='lat' dir='ltr'>facultate</span> <span class='ocrx_word' id='word_1_82' title='bbox 895 1761 1054 1820; x_wconf 87' lang='lat' dir='ltr'>destitutus</span> <span class='ocrx_word' id='word_1_83' title='bbox 1076 1777 1136 1818; x_wconf 90' lang='lat' dir='ltr'>esse</span> <span class='ocrx_word' id='word_1_84' title='bbox 1158 1753 1325 1832; x_wconf 86' lang='lat' dir='ltr'>dicitur.¹⁷)</span> 
     </span>
    </p>

    <p class='ocr_par' dir='ltr' id='par_1_5' title="bbox 39 1862 1379 2253">
     <span class='ocr_line' id='line_1_13' title="bbox 39 1862 1325 1940; baseline -0.005 -16"><span class='ocrx_word' id='word_1_85' title='bbox 39 1893 42 1899; x_wconf 97' lang='lat'><em>·</em></span> <span class='ocrx_word' id='word_1_86' title='bbox 150 1867 270 1925; x_wconf 84' lang='lat' dir='ltr'>Basilici</span> <span class='ocrx_word' id='word_1_87' title='bbox 308 1870 406 1927; x_wconf 88' lang='lat' dir='ltr'>autem</span> <span class='ocrx_word' id='word_1_88' title='bbox 444 1869 524 1925; x_wconf 90' lang='lat' dir='ltr'>aetas</span> <span class='ocrx_word' id='word_1_89' title='bbox 555 1865 670 1940; x_wconf 91' lang='lat' dir='ltr'>quando</span> <span class='ocrx_word' id='word_1_90' title='bbox 701 1864 804 1933; x_wconf 83' lang='lat' dir='ltr'>fuerit,</span> <span class='ocrx_word' id='word_1_91' title='bbox 834 1864 987 1923; x_wconf 90' lang='lat' dir='ltr'>nonsatis</span> <span class='ocrx_word' id='word_1_92' title='bbox 1016 1864 1146 1932; x_wconf 82' lang='lat' dir='ltr'>coustat3</span> <span class='ocrx_word' id='word_1_93' title='bbox 1178 1862 1229 1919; x_wconf 91' lang='lat' dir='ltr'>sed</span> <span class='ocrx_word' id='word_1_94' title='bbox 1258 1880 1325 1919; x_wconf 89' lang='lat' dir='ltr'>eum</span> 
     </span>
     <span class='ocr_line' id='line_1_14' title="bbox 153 1964 1379 2044; baseline -0.006 -16"><span class='ocrx_word' id='word_1_95' title='bbox 153 1970 252 2029; x_wconf 88' lang='lat' dir='ltr'>eodem</span> <span class='ocrx_word' id='word_1_96' title='bbox 273 1970 334 2028; x_wconf 88' lang='lat' dir='ltr'>fere</span> <span class='ocrx_word' id='word_1_97' title='bbox 356 1972 486 2044; x_wconf 88' lang='lat' dir='ltr'>tempore</span> <span class='ocrx_word' id='word_1_98' title='bbox 507 1967 615 2027; x_wconf 70' lang='lat' dir='ltr'>vianae</span> <span class='ocrx_word' id='word_1_99' title='bbox 637 1970 725 2042; x_wconf 90' lang='lat' dir='ltr'>atque</span> <span class='ocrx_word' id='word_1_100' title='bbox 747 1966 941 2037; x_wconf 88' lang='lat' dir='ltr'>Heraclidem,</span> <span class='ocrx_word' id='word_1_101' title='bbox 966 1965 1100 2041; x_wconf 87' lang='lat' dir='ltr'>sequitur</span> <span class='ocrx_word' id='word_1_102' title='bbox 1121 1983 1156 2023; x_wconf 82' lang='lat' dir='ltr'>ex</span> <span class='ocrx_word' id='word_1_103' title='bbox 1177 1982 1219 2035; x_wconf 90' lang='lat' dir='ltr'>eo,</span> <span class='ocrx_word' id='word_1_104' title='bbox 1248 1964 1325 2039; x_wconf 92' lang='lat' dir='ltr'>quod</span> <span class='ocrx_word' id='word_1_105' title='bbox 1368 1984 1379 1999; x_wconf 56' lang='lat'><em>³</em></span> 
     </span>
     <span class='ocr_line' id='line_1_15' title="bbox 152 2054 1325 2147; baseline -0.003 -18"><span class='ocrx_word' id='word_1_106' title='bbox 152 2071 286 2146; x_wconf 85' lang='lat' dir='ltr'>Apsines,</span> <span class='ocrx_word' id='word_1_107' title='bbox 310 2054 466 2146; x_wconf 85' lang='lat' dir='ltr'>postquam</span> <span class='ocrx_word' id='word_1_108' title='bbox 488 2071 565 2129; x_wconf 88' lang='lat' dir='ltr'>hune</span> <span class='ocrx_word' id='word_1_109' title='bbox 588 2072 730 2147; x_wconf 85' lang='lat' dir='ltr'>Smyrnae</span> <span class='ocrx_word' id='word_1_110' title='bbox 751 2069 875 2140; x_wconf 82' lang='lat' dir='ltr'>audivit,</span> <span class='ocrx_word' id='word_1_111' title='bbox 897 2070 936 2128; x_wconf 91' lang='lat' dir='ltr'>ad</span> <span class='ocrx_word' id='word_1_112' title='bbox 950 2067 1108 2127; x_wconf 87' lang='lat' dir='ltr'>Basilicum</span> <span class='ocrx_word' id='word_1_113' title='bbox 1123 2066 1325 2126; x_wconf 87' lang='lat' dir='ltr'>Nicomediam</span> 
     </span>
     <span class='ocr_line' id='line_1_16' title="bbox 151 2150 1054 2253; baseline -0.004 -19"><span class='ocrx_word' id='word_1_114' title='bbox 151 2170 432 2253; x_wconf 66' lang='lat' dir='ltr'>transmigravitffl)</span> <span class='ocrx_word' id='word_1_115' title='bbox 1050 2150 1054 2157; x_wconf 44' lang='grc'>’</span> 
     </span>
    </p>
   </div>
   <div class='ocr_carea' id='block_1_3' title="bbox 151 2292 1327 2984">
    <p class='ocr_par' dir='ltr' id='par_1_6' title="bbox 151 2292 1327 2984">
     <span class='ocr_line' id='line_1_17' title="bbox 236 2292 1326 2371; baseline -0.002 -17"><span class='ocrx_word' id='word_1_116' title='bbox 236 2296 305 2354; x_wconf 89' lang='lat' dir='ltr'>Jam</span> <span class='ocrx_word' id='word_1_117' title='bbox 328 2294 361 2365; x_wconf 87' lang='lat' dir='ltr'>si,</span> <span class='ocrx_word' id='word_1_118' title='bbox 385 2293 491 2371; x_wconf 91' lang='lat' dir='ltr'>quibus</span> <span class='ocrx_word' id='word_1_119' title='bbox 513 2293 584 2353; x_wconf 90' lang='lat' dir='ltr'>loeis</span> <span class='ocrx_word' id='word_1_120' title='bbox 609 2292 725 2369; x_wconf 87' lang='lat' dir='ltr'>Apsinis</span> <span class='ocrx_word' id='word_1_121' title='bbox 747 2293 855 2352; x_wconf 90' lang='lat' dir='ltr'>mentio</span> <span class='ocrx_word' id='word_1_122' title='bbox 878 2292 927 2364; x_wconf 89' lang='lat' dir='ltr'>fit,</span> <span class='ocrx_word' id='word_1_123' title='bbox 951 2311 998 2353; x_wconf 92' lang='lat' dir='ltr'>eos</span> <span class='ocrx_word' id='word_1_124' title='bbox 1021 2293 1224 2370; x_wconf 85' lang='lat' dir='ltr'>disquirimus,</span> <span class='ocrx_word' id='word_1_125' title='bbox 1256 2313 1326 2369; x_wconf 92' lang='lat' dir='ltr'>quo-</span> 
     </span>
     <span class='ocr_line' id='line_1_18' title="bbox 151 2396 1326 2474; baseline 0.003 -21"><span class='ocrx_word' id='word_1_126' title='bbox 151 2396 229 2454; x_wconf 89' lang='lat' dir='ltr'>niam</span> <span class='ocrx_word' id='word_1_127' title='bbox 254 2399 415 2456; x_wconf 78' lang='lat' dir='ltr'>extremum</span> <span class='ocrx_word' id='word_1_128' title='bbox 437 2397 516 2456; x_wconf 86' lang='lat' dir='ltr'>vitae</span> <span class='ocrx_word' id='word_1_129' title='bbox 538 2398 598 2457; x_wconf 92' lang='lat' dir='ltr'>eius</span> <span class='ocrx_word' id='word_1_130' title='bbox 613 2402 729 2472; x_wconf 86' lang='lat' dir='ltr'>tempus</span> <span class='ocrx_word' id='word_1_131' title='bbox 745 2399 901 2474; x_wconf 88' lang='lat' dir='ltr'>imperium</span> <span class='ocrx_word' id='word_1_132' title='bbox 919 2397 1048 2472; x_wconf 89' lang='lat' dir='ltr'>Philippi</span> <span class='ocrx_word' id='word_1_133' title='bbox 1058 2396 1175 2472; x_wconf 85' lang='lat' dir='ltr'>Arabis,</span> <span class='ocrx_word' id='word_1_134' title='bbox 1198 2396 1326 2472; x_wconf 88' lang='lat' dir='ltr'>primurn</span> 
     </span>
     <span class='ocr_line' id='line_1_19' title="bbox 152 2499 1327 2576; baseline 0.001 -17"><span class='ocrx_word' id='word_1_135' title='bbox 152 2499 288 2575; x_wconf 89' lang='lat' dir='ltr'>Septimii</span> <span class='ocrx_word' id='word_1_136' title='bbox 311 2499 411 2559; x_wconf 87' lang='lat' dir='ltr'>Severi</span> <span class='ocrx_word' id='word_1_137' title='bbox 433 2499 620 2574; x_wconf 87' lang='lat' dir='ltr'>dictumest,</span> <span class='ocrx_word' id='word_1_138' title='bbox 643 2501 762 2576; x_wconf 85' lang='lat' dir='ltr'>Apsinis</span> <span class='ocrx_word' id='word_1_139' title='bbox 784 2505 864 2561; x_wconf 86' lang='lat' dir='ltr'>aetas</span> <span class='ocrx_word' id='word_1_140' title='bbox 886 2501 1043 2560; x_wconf 87' lang='lat' dir='ltr'>statuenda</span> <span class='ocrx_word' id='word_1_141' title='bbox 1064 2504 1108 2559; x_wconf 88' lang='lat' dir='ltr'>est</span> <span class='ocrx_word' id='word_1_142' title='bbox 1129 2500 1209 2559; x_wconf 89' lang='lat' dir='ltr'>intra</span> <span class='ocrx_word' id='word_1_143' title='bbox 1235 2519 1327 2560; x_wconf 91' lang='lat' dir='ltr'>annos</span> 
     </span>
     <span class='ocr_line' id='line_1_20' title="bbox 155 2602 1326 2678; baseline -0.002 -16"><span class='ocrx_word' id='word_1_144' title='bbox 155 2605 213 2663; x_wconf 82' lang='lat'>193</span> <span class='ocrx_word' id='word_1_145' title='bbox 236 2605 267 2661; x_wconf 90' lang='lat' dir='ltr'>et</span> <span class='ocrx_word' id='word_1_146' title='bbox 290 2605 359 2663; x_wconf 88' lang='grc'><strong>249.</strong></span> <span class='ocrx_word' id='word_1_147' title='bbox 404 2604 476 2662; x_wconf 91' lang='lat' dir='ltr'>Inde</span> <span class='ocrx_word' id='word_1_148' title='bbox 498 2603 552 2661; x_wconf 91' lang='lat' dir='ltr'>hoc</span> <span class='ocrx_word' id='word_1_149' title='bbox 574 2603 715 2678; x_wconf 87' lang='lat' dir='ltr'>sequitur,</span> <span class='ocrx_word' id='word_1_150' title='bbox 748 2604 894 2678; x_wconf 83' lang='lat' dir='ltr'>Apsinem,</span> <span class='ocrx_word' id='word_1_151' title='bbox 927 2622 994 2662; x_wconf 88' lang='lat' dir='ltr'>oum</span> <span class='ocrx_word' id='word_1_152' title='bbox 1021 2603 1218 2662; x_wconf 86' lang='lat' dir='ltr'>Philostratus</span> <span class='ocrx_word' id='word_1_153' title='bbox 1241 2602 1326 2660; x_wconf 86' lang='lat' dir='ltr'>Vitas</span> 
     </span>
     <span class='ocr_line' id='line_1_21' title="bbox 152 2704 1326 2779; baseline -0.002 -16"><span class='ocrx_word' id='word_1_154' title='bbox 152 2704 355 2777; x_wconf 88' lang='lat' dir='ltr'>Sophistarum</span> <span class='ocrx_word' id='word_1_155' title='bbox 378 2705 580 2779; x_wconf 87' lang='lat' dir='ltr'>composuerit,</span> <span class='ocrx_word' id='word_1_156' title='bbox 604 2706 734 2764; x_wconf 91' lang='lat' dir='ltr'>nondum</span> <span class='ocrx_word' id='word_1_157' title='bbox 756 2706 820 2765; x_wconf 87' lang='lat' dir='ltr'>vita</span> <span class='ocrx_word' id='word_1_158' title='bbox 842 2705 1010 2776; x_wconf 81' lang='lat' dir='ltr'>decessisse3</span> <span class='ocrx_word' id='word_1_159' title='bbox 1035 2722 1122 2779; x_wconf 89' lang='lat' dir='ltr'>quam</span> <span class='ocrx_word' id='word_1_160' title='bbox 1142 2704 1178 2762; x_wconf 94' lang='lat' dir='ltr'>ob</span> <span class='ocrx_word' id='word_1_161' title='bbox 1198 2722 1259 2762; x_wconf 89' lang='lat' dir='ltr'>rem</span> <span class='ocrx_word' id='word_1_162' title='bbox 1277 2704 1326 2761; x_wconf 92' lang='lat' dir='ltr'>illc</span> 
     </span>
     <span class='ocr_line' id='line_1_22' title="bbox 153 2806 1324 2883; baseline 0.001 -19"><span class='ocrx_word' id='word_1_163' title='bbox 153 2806 293 2880; x_wconf 88' lang='lat' dir='ltr'>Apsinem</span> <span class='ocrx_word' id='word_1_164' title='bbox 315 2809 377 2864; x_wconf 91' lang='lat' dir='ltr'>tam</span> <span class='ocrx_word' id='word_1_165' title='bbox 399 2806 513 2883; x_wconf 86' lang='lat' dir='ltr'>exiguis</span> <span class='ocrx_word' id='word_1_166' title='bbox 534 2808 632 2868; x_wconf 81' lang='lat' dir='ltr'>verbis</span> <span class='ocrx_word' id='word_1_167' title='bbox 653 2810 811 2878; x_wconf 89' lang='lat' dir='ltr'>memorat,</span> <span class='ocrx_word' id='word_1_168' title='bbox 840 2809 897 2867; x_wconf 91' lang='lat' dir='ltr'>nisi</span> <span class='ocrx_word' id='word_1_169' title='bbox 925 2810 1002 2868; x_wconf 88' lang='lat' dir='ltr'>forte</span> <span class='ocrx_word' id='word_1_170' title='bbox 1030 2807 1080 2865; x_wconf 90' lang='lat' dir='ltr'>ille</span> <span class='ocrx_word' id='word_1_171' title='bbox 1108 2807 1185 2866; x_wconf 89' lang='lat' dir='ltr'>hunc</span> <span class='ocrx_word' id='word_1_172' title='bbox 1216 2807 1324 2866; x_wconf 85' lang='lat' dir='ltr'>librum</span> 
     </span>
     <span class='ocr_line' id='line_1_23' title="bbox 153 2908 1120 2984; baseline 0.001 -18"><span class='ocrx_word' id='word_1_173' title='bbox 153 2908 264 2983; x_wconf 86' lang='lat' dir='ltr'>Apsiue</span> <span class='ocrx_word' id='word_1_174' title='bbox 286 2908 407 2984; x_wconf 90' lang='lat' dir='ltr'>aliisque</span> <span class='ocrx_word' id='word_1_175' title='bbox 428 2908 595 2969; x_wconf 87' lang='lat' dir='ltr'>rhetoribus</span> <span class='ocrx_word' id='word_1_176' title='bbox 616 2911 740 2969; x_wconf 90' lang='lat' dir='ltr'>mortuis</span> <span class='ocrx_word' id='word_1_177' title='bbox 762 2910 946 2969; x_wconf 85' lang='lat' dir='ltr'>continuavit</span> <span class='ocrx_word' id='word_1_178' title='bbox 967 2912 997 2969; x_wconf 92' lang='lat' dir='ltr'>et</span> <span class='ocrx_word' id='word_1_179' title='bbox 1018 2909 1120 2969; x_wconf 87' lang='lat' dir='ltr'>edidit.</span> 
     </span>
    </p>
   </div>
   <div class='ocr_carea' id='block_1_4' title="bbox 152 3044 1327 3429">
    <p class='ocr_par' dir='ltr' id='par_1_7' title="bbox 152 3044 1327 3429">
     <span class='ocr_line' id='line_1_24' title="bbox 237 3044 1327 3122; baseline -0.001 -17"><span class='ocrx_word' id='word_1_180' title='bbox 237 3048 253 3117; x_wconf 68' lang='grc' dir='ltr'><strong>ἓ</strong></span> <span class='ocrx_word' id='word_1_181' title='bbox 279 3047 305 3105; x_wconf 89' lang='grc'>3.</span> <span class='ocrx_word' id='word_1_182' title='bbox 351 3044 509 3121; x_wconf 90' lang='lat' dir='ltr'>Postquam</span> <span class='ocrx_word' id='word_1_183' title='bbox 531 3045 639 3122; x_wconf 82' lang='lat' dir='ltr'>igitur,</span> <span class='ocrx_word' id='word_1_184' title='bbox 673 3046 778 3122; x_wconf 90' lang='lat' dir='ltr'>quibus</span> <span class='ocrx_word' id='word_1_185' title='bbox 799 3047 881 3106; x_wconf 88' lang='lat' dir='ltr'>annis</span> <span class='ocrx_word' id='word_1_186' title='bbox 903 3046 1021 3122; x_wconf 84' lang='lat' dir='ltr'>Apsinis</span> <span class='ocrx_word' id='word_1_187' title='bbox 1043 3045 1218 3107; x_wconf 86' lang='lat' dir='ltr'>Gadarensis</span> <span class='ocrx_word' id='word_1_188' title='bbox 1247 3048 1327 3104; x_wconf 86' lang='lat' dir='ltr'>aetas</span> 
     </span>
     <span class='ocr_line' id='line_1_25' title="bbox 152 3146 1326 3224; baseline 0.001 -19"><span class='ocrx_word' id='word_1_189' title='bbox 152 3146 363 3216; x_wconf 84' lang='lat' dir='ltr'>contineretur,</span> <span class='ocrx_word' id='word_1_190' title='bbox 395 3148 491 3222; x_wconf 88' lang='lat' dir='ltr'>quoad</span> <span class='ocrx_word' id='word_1_191' title='bbox 522 3149 583 3208; x_wconf 88' lang='lat' dir='ltr'>eius</span> <span class='ocrx_word' id='word_1_192' title='bbox 614 3148 677 3207; x_wconf 87' lang='lat' dir='ltr'>fieri</span> <span class='ocrx_word' id='word_1_193' title='bbox 698 3151 822 3223; x_wconf 91' lang='lat' dir='ltr'>poterat,</span> <span class='ocrx_word' id='word_1_194' title='bbox 846 3147 999 3208; x_wconf 89' lang='lat' dir='ltr'>definitum</span> <span class='ocrx_word' id='word_1_195' title='bbox 1021 3152 1082 3220; x_wconf 90' lang='lat' dir='ltr'>ost,</span> <span class='ocrx_word' id='word_1_196' title='bbox 1114 3149 1260 3224; x_wconf 90' lang='lat' dir='ltr'>sequitur,</span> <span class='ocrx_word' id='word_1_197' title='bbox 1292 3153 1326 3206; x_wconf 90' lang='lat' dir='ltr'>ut</span> 
     </span>
     <span class='ocr_line' id='line_1_26' title="bbox 153 3251 1325 3327; baseline 0 -19"><span class='ocrx_word' id='word_1_198' title='bbox 153 3270 299 3327; x_wconf 91' lang='lat' dir='ltr'>quaeram,</span> <span class='ocrx_word' id='word_1_199' title='bbox 324 3251 394 3326; x_wconf 89' lang='lat' dir='ltr'>quid</span> <span class='ocrx_word' id='word_1_200' title='bbox 417 3251 455 3310; x_wconf 89' lang='lat' dir='ltr'>sit</span> <span class='ocrx_word' id='word_1_201' title='bbox 477 3252 666 3310; x_wconf 87' lang='lat' dir='ltr'>statuendum</span> <span class='ocrx_word' id='word_1_202' title='bbox 688 3253 724 3310; x_wconf 88' lang='lat' dir='ltr'>de</span> <span class='ocrx_word' id='word_1_203' title='bbox 741 3251 782 3310; x_wconf 91' lang='lat' dir='ltr'>eis</span> <span class='ocrx_word' id='word_1_204' title='bbox 798 3251 973 3323; x_wconf 89' lang='lat' dir='ltr'>rhetoribus,</span> <span class='ocrx_word' id='word_1_205' title='bbox 998 3251 1102 3327; x_wconf 90' lang='lat' dir='ltr'>quibus</span> <span class='ocrx_word' id='word_1_206' title='bbox 1114 3253 1191 3326; x_wconf 87' lang='lat' dir='ltr'>apud</span> <span class='ocrx_word' id='word_1_207' title='bbox 1204 3251 1325 3310; x_wconf 90' lang='lat' dir='ltr'>Suidam</span> 
     </span>
     <span class='ocr_line' id='line_1_27' title="bbox 152 3354 571 3429; baseline 0 -17"><span class='ocrx_word' id='word_1_208' title='bbox 152 3355 229 3414; x_wconf 88' lang='lat' dir='ltr'>idem</span> <span class='ocrx_word' id='word_1_209' title='bbox 252 3354 371 3429; x_wconf 85' lang='lat' dir='ltr'>Apsinis</span> <span class='ocrx_word' id='word_1_210' title='bbox 392 3374 497 3414; x_wconf 88' lang='lat' dir='ltr'>nomeu</span> <span class='ocrx_word' id='word_1_211' title='bbox 518 3356 571 3412; x_wconf 91' lang='lat' dir='ltr'>est.</span> 
     </span>
    </p>
   </div>
   <div class='ocr_carea' id='block_1_5' title="bbox 154 3482 1325 3676">
    <p class='ocr_par' dir='ltr' id='par_1_8' title="bbox 154 3482 1325 3676">
     <span class='ocr_line' id='line_1_28' title="bbox 237 3482 1325 3574; baseline 0 -24"><span class='ocrx_word' id='word_1_212' title='bbox 237 3493 260 3550; x_wconf 88' lang='lat' dir='ltr'>I.</span> <span class='ocrx_word' id='word_1_213' title='bbox 293 3486 426 3573; x_wconf 63' lang='grc' dir='ltr'>Ἀ’ψίνης</span> <span class='ocrx_word' id='word_1_214' title='bbox 446 3488 618 3572; x_wconf 68' lang='grc' dir='ltr'><strong><em>Ἀθηναῖος</em></strong></span> <span class='ocrx_word' id='word_1_215' title='bbox 639 3484 808 3574; x_wconf 74' lang='grc' dir='ltr'><strong><em>σοφιστής,</em></strong></span> <span class='ocrx_word' id='word_1_216' title='bbox 831 3487 1005 3568; x_wconf 75' lang='grc' dir='ltr'><strong><em>Ὀνασίιιοο</em></strong></span> <span class='ocrx_word' id='word_1_217' title='bbox 1027 3482 1134 3572; x_wconf 64' lang='grc' dir='ltr'><strong><em>πατὴρ</em></strong></span> <span class='ocrx_word' id='word_1_218' title='bbox 1153 3488 1211 3549; x_wconf 80' lang='grc' dir='ltr'>τοῦ</span> <span class='ocrx_word' id='word_1_219' title='bbox 1233 3499 1325 3569; x_wconf 78' lang='grc' dir='ltr'><strong><em>σοφι-</em></strong></span> 
     </span>
     <span class='ocr_line' id='line_1_29' title="bbox 154 3587 622 3676; baseline -0.002 -20"><span class='ocrx_word' id='word_1_220' title='bbox 154 3597 232 3656; x_wconf 83' lang='grc' dir='ltr'><strong><em>στοῦ</em></strong></span> <span class='ocrx_word' id='word_1_221' title='bbox 255 3594 313 3654; x_wconf 80' lang='grc' dir='ltr'>τοῦ</span> <span class='ocrx_word' id='word_1_222' title='bbox 334 3587 455 3672; x_wconf 78' lang='grc' dir='ltr'><strong><em>πατρὸς</em></strong></span> <span class='ocrx_word' id='word_1_223' title='bbox 475 3589 622 3676; x_wconf 70' lang='lat' dir='ltr'>&#39;Aquinum</span> 
     </span>
    </p>
   </div>
   <div class='ocr_carea' id='block_1_6' title="bbox 153 3723 1326 4120">
    <p class='ocr_par' dir='ltr' id='par_1_9' title="bbox 153 3723 1326 4120">
     <span class='ocr_line' id='line_1_30' title="bbox 239 3723 1324 3814; baseline -0.001 -21"><span class='ocrx_word' id='word_1_224' title='bbox 239 3735 277 3793; x_wconf 91' lang='lat' dir='ltr'>II.</span> <span class='ocrx_word' id='word_1_225' title='bbox 310 3724 614 3812; x_wconf 67' lang='grc' dir='ltr'><strong><em>ἈψίνηςΓαδαρειῖς</em></strong></span> <span class='ocrx_word' id='word_1_226' title='bbox 636 3724 805 3814; x_wconf 75' lang='grc' dir='ltr'><strong><em>σοφιστής,</em></strong></span> <span class='ocrx_word' id='word_1_227' title='bbox 829 3729 965 3814; x_wconf 83' lang='grc' dir='ltr'><strong><em>σπαρεὶς</em></strong></span> <span class='ocrx_word' id='word_1_228' title='bbox 987 3725 1027 3799; x_wconf 73' lang='grc' dir='ltr'>ὥς</span> <span class='ocrx_word' id='word_1_229' title='bbox 1049 3723 1138 3807; x_wconf 84' lang='grc' dir='ltr'><strong><em>λόγος</em></strong></span> <span class='ocrx_word' id='word_1_230' title='bbox 1160 3724 1194 3791; x_wconf 80' lang='grc' dir='ltr'>ἐκ</span> <span class='ocrx_word' id='word_1_231' title='bbox 1207 3727 1324 3808; x_wconf 84' lang='grc' dir='ltr'><strong><em>Πανός,</em></strong></span> 
     </span>
     <span class='ocr_line' id='line_1_31' title="bbox 153 3823 1326 3918; baseline -0.002 -23"><span class='ocrx_word' id='word_1_232' title='bbox 153 3826 359 3917; x_wconf 68' lang='grc' dir='ltr'><strong><em>μαθητεύσας</em></strong></span> <span class='ocrx_word' id='word_1_233' title='bbox 381 3825 416 3892; x_wconf 75' lang='grc' dir='ltr'>δὲ</span> <span class='ocrx_word' id='word_1_234' title='bbox 439 3825 473 3893; x_wconf 74' lang='grc' dir='ltr'>ἓν</span> <span class='ocrx_word' id='word_1_235' title='bbox 496 3825 629 3916; x_wconf 76' lang='grc' dir='ltr'><em>Σμύρνῃ</em></span> <span class='ocrx_word' id='word_1_236' title='bbox 650 3827 839 3917; x_wconf 77' lang='grc' dir='ltr'><strong><em>Ἡρακλείδῃ</em></strong></span> <span class='ocrx_word' id='word_1_237' title='bbox 859 3836 904 3916; x_wconf 73' lang='grc' dir='ltr'>τῷ</span> <span class='ocrx_word' id='word_1_238' title='bbox 926 3830 1047 3917; x_wconf 77' lang='grc' dir='ltr'><strong><em>Λυαίῳ,</em></strong></span> <span class='ocrx_word' id='word_1_239' title='bbox 1072 3823 1138 3895; x_wconf 78' lang='grc' dir='ltr'><strong><em>εἶτα</em></strong></span> <span class='ocrx_word' id='word_1_240' title='bbox 1160 3832 1326 3918; x_wconf 76' lang='grc' dir='ltr'><strong><em>Βασιλικῷ</em></strong></span> 
     </span>
     <span class='ocr_line' id='line_1_32' title="bbox 155 3928 1323 4023; baseline -0.002 -21"><span class='ocrx_word' id='word_1_241' title='bbox 155 3933 190 4002; x_wconf 73' lang='grc' dir='ltr'>ἓν</span> <span class='ocrx_word' id='word_1_242' title='bbox 213 3937 418 4023; x_wconf 77' lang='grc' dir='ltr'><strong><em>Νικομηδείᾳ,</em></strong></span> <span class='ocrx_word' id='word_1_243' title='bbox 440 3928 672 4015; x_wconf 79' lang='grc' dir='ltr'><strong><em>ἒσοφίστεοσεο</em></strong></span> <span class='ocrx_word' id='word_1_244' title='bbox 692 3930 851 4021; x_wconf 60' lang='grc' dir='ltr'>Ἀθήνησι</span> <span class='ocrx_word' id='word_1_245' title='bbox 878 3931 1104 4019; x_wconf 72' lang='grc' dir='ltr'><strong><em>βασιλεύοντος</em></strong></span> <span class='ocrx_word' id='word_1_246' title='bbox 1126 3937 1323 4019; x_wconf 82' lang='grc' dir='ltr'><strong><em>Μαξιμίνοο,</em></strong></span> 
     </span>
     <span class='ocr_line' id='line_1_33' title="bbox 156 4036 594 4120; baseline -0.007 -16"><span class='ocrx_word' id='word_1_247' title='bbox 156 4037 315 4104; x_wconf 72' lang='grc' dir='ltr'><strong><em>ὑπατικοῦ</em></strong></span> <span class='ocrx_word' id='word_1_248' title='bbox 336 4036 441 4120; x_wconf 71' lang='grc' dir='ltr'><strong><em>λαβών</em></strong></span> <span class='ocrx_word' id='word_1_249' title='bbox 464 4037 594 4118; x_wconf 76' lang='grc' dir='ltr'><strong><em>ἀξίωμα.</em></strong></span> 
     </span>
    </p>
   </div>
   <div class='ocr_carea' id='block_1_7' title="bbox 157 4173 1326 4366">
    <p class='ocr_par' dir='ltr' id='par_1_10' title="bbox 157 4173 1326 4366">
     <span class='ocr_line' id='line_1_34' title="bbox 240 4173 1326 4267; baseline 0.002 -26"><span class='ocrx_word' id='word_1_250' title='bbox 240 4182 299 4241; x_wconf 90' lang='grc' dir='ltr'>ΠΙ.</span> <span class='ocrx_word' id='word_1_251' title='bbox 336 4173 470 4262; x_wconf 76' lang='grc' dir='ltr'><strong><em>Ἃψιόης</em></strong></span> <span class='ocrx_word' id='word_1_252' title='bbox 491 4176 666 4259; x_wconf 82' lang='grc' dir='ltr'><strong><em>Ὀνασίμοο</em></strong></span> <span class='ocrx_word' id='word_1_253' title='bbox 688 4181 746 4242; x_wconf 85' lang='grc' dir='ltr'>τοῦ</span> <span class='ocrx_word' id='word_1_254' title='bbox 771 4183 931 4260; x_wconf 79' lang='grc' dir='ltr'><strong><em>σοφιστοῦ</em></strong></span> <span class='ocrx_word' id='word_1_255' title='bbox 951 4178 1140 4266; x_wconf 73' lang='grc' dir='ltr'><strong><em>Ἀθηναίου,</em></strong></span> <span class='ocrx_word' id='word_1_256' title='bbox 1171 4180 1326 4267; x_wconf 67' lang='grc' dir='ltr'><strong><em>σοφιστής</em></strong></span> 
     </span>
     <span class='ocr_line' id='line_1_35' title="bbox 157 4279 739 4366; baseline -0.01 -18"><span class='ocrx_word' id='word_1_257' title='bbox 157 4279 308 4366; x_wconf 79' lang='grc' dir='ltr'><strong><em>νεώτερος</em></strong></span> <span class='ocrx_word' id='word_1_258' title='bbox 329 4281 387 4343; x_wconf 81' lang='grc' dir='ltr'>τοῦ</span> <span class='ocrx_word' id='word_1_259' title='bbox 408 4280 572 4364; x_wconf 76' lang='grc' dir='ltr'><strong><em>Γαδαρέως</em></strong></span> <span class='ocrx_word' id='word_1_260' title='bbox 593 4279 739 4365; x_wconf 55' lang='lat' dir='ltr'>&#39;Anniaca</span> 
     </span>
    </p>
   </div>
   <div class='ocr_carea' id='block_1_8' title="bbox 155 4421 1325 4608">
    <p class='ocr_par' dir='ltr' id='par_1_11' title="bbox 155 4421 1325 4608">
     <span class='ocr_line' id='line_1_36' title="bbox 241 4421 1325 4502; baseline 0.004 -20"><span class='ocrx_word' id='word_1_261' title='bbox 241 4424 340 4497; x_wconf 85' lang='lat' dir='ltr'>Atque</span> <span class='ocrx_word' id='word_1_262' title='bbox 361 4441 452 4480; x_wconf 92' lang='lat' dir='ltr'>uuum</span> <span class='ocrx_word' id='word_1_263' title='bbox 475 4421 608 4496; x_wconf 88' lang='lat' dir='ltr'>quidem,</span> <span class='ocrx_word' id='word_1_264' title='bbox 638 4422 687 4498; x_wconf 92' lang='lat' dir='ltr'>qui</span> <span class='ocrx_word' id='word_1_265' title='bbox 710 4423 740 4481; x_wconf 90' lang='lat' dir='ltr'>in</span> <span class='ocrx_word' id='word_1_266' title='bbox 762 4424 902 4483; x_wconf 90' lang='lat' dir='ltr'>orationis</span> <span class='ocrx_word' id='word_1_267' title='bbox 924 4426 1061 4482; x_wconf 81' lang='lat' dir='ltr'>contextu</span> <span class='ocrx_word' id='word_1_268' title='bbox 1084 4425 1176 4499; x_wconf 78' lang='lat' dir='ltr'>himo,</span> <span class='ocrx_word' id='word_1_269' title='bbox 1209 4427 1244 4484; x_wconf 91' lang='lat' dir='ltr'>de</span> <span class='ocrx_word' id='word_1_270' title='bbox 1268 4447 1325 4502; x_wconf 89' lang='lat' dir='ltr'>quo</span> 
     </span>
     <span class='ocr_line' id='line_1_37' title="bbox 155 4524 1324 4608; baseline 0 -21"><span class='ocrx_word' id='word_1_271' title='bbox 155 4545 241 4608; x_wconf 84' lang='lat' dir='ltr'>agere</span> <span class='ocrx_word' id='word_1_272' title='bbox 262 4524 386 4598; x_wconf 89' lang='lat' dir='ltr'>institui,</span> <span class='ocrx_word' id='word_1_273' title='bbox 409 4525 556 4585; x_wconf 87' lang='lat' dir='ltr'>rhetorem</span> <span class='ocrx_word' id='word_1_274' title='bbox 578 4526 734 4600; x_wconf 90' lang='lat' dir='ltr'>antecedit,</span> <span class='ocrx_word' id='word_1_275' title='bbox 761 4525 920 4601; x_wconf 88' lang='lat' dir='ltr'>sophistam</span> <span class='ocrx_word' id='word_1_276' title='bbox 943 4526 992 4585; x_wconf 91' lang='lat' dir='ltr'>ille</span> <span class='ocrx_word' id='word_1_277' title='bbox 1014 4527 1088 4586; x_wconf 87' lang='lat' dir='ltr'>dicit</span> <span class='ocrx_word' id='word_1_278' title='bbox 1109 4528 1324 4601; x_wconf 82' lang='lat' dir='ltr'>Atheniensem,</span> 
     </span>
    </p>
   </div>
   <div class='ocr_carea' id='block_1_9' title="bbox 0 0 1509 5108">
    <p class='ocr_par' dir='ltr' id='par_1_12' title="bbox 0 0 1509 5108">
     <span class='ocr_line' id='line_1_38' title="bbox 0 0 1509 5108; baseline 0 0"><span class='ocrx_word' id='word_1_279' title='bbox 0 0 1509 5108; x_wconf 95' lang='lat' dir='ltr'> </span> 
     </span>
    </p>
   </div>
  </div>
 </body>
</html>
