3000 5108
10 692 14 723 ³
113 686 242 775 στρατη)
261 697 306 774 τῷ
327 689 520 774 tamenab)
544 695 590 752 cui
613 694 706 752 causis
729 714 817 769 supra
831 696 929 753 allatis
945 697 1087 755 adductus
1106 716 1164 754 uon
1176 715 1290 770 possum

10 798 21 869 ζ,
112 816 176 857 non
196 798 342 858 assentiri.
387 797 465 854 Huic
486 797 529 854 rei
551 796 660 870 optime
683 796 822 871 quadrat,
846 796 878 854 id
900 797 977 871 quod
999 796 1194 855 Philostratus
1216 797 1291 854 altor

10 886 18 979 1
111 920 144 960 v.
167 918 189 959 s.
212 899 253 959 II.
279 903 318 960 33
341 900 440 969 refert,
464 898 519 958 sibi
542 917 609 956 cum
630 899 741 974 Apsine
763 898 922 958 amicitiam
944 899 1041 958 fuisse.

10 984 14 1007 ³
69 1002 72 1007 '
200 1002 265 1061 Iam
294 1002 412 1078 egregia
440 1002 563 1061 docendi
589 1001 703 1060 ratione
732 1002 831 1060 rhetor
852 1020 989 1078 maguam
1012 1003 1161 1061 assecutus
1182 1005 1225 1061 est
1245 1002 1290 1060 fa-

113 1122 181 1163 mae
203 1103 413 1164 celebritatem.
448 1104 524 1176 Quid
546 1104 640 1180 igitur
657 1104 773 1174 mirum,
796 1105 821 1162 si
838 1105 1034 1164 adolescentes
1053 1105 1206 1165 literarum
1229 1108 1290 1164 stu-

10 1256 35 1291 ·.·
57 1286 60 1291 ,
113 1208 191 1269 diesi
204 1208 338 1267 Athenas
361 1207 582 1291 confluxerunt?
604 1206 705 1265 Veluti
727 1207 818 1265 refert
829 1206 942 1277 Suidas
967 1206 1112 1266 Gaianum
1134 1207 1289 1281 quendam,

10 1299 34 1345 2·
112 1314 150 1373 ut
171 1311 312 1388 Apsinem
334 1300 530 1371 Gadarensem
552 1308 676 1379 audiret,
700 1328 734 1368 ex
752 1309 864 1368 Arabia
879 1309 1011 1367 Athenas
1032 1309 1196 1383 profectum
1220 1326 1289 1369 esse.

10 1420 20 1457 “¹
116 1448 157 1461 -
179 1414 305 1489 Apaiues
325 1412 417 1489 igitur
438 1411 575 1488 magistri
595 1430 714 1470 munere
735 1413 855 1471 functus
878 1415 922 1470 est
943 1411 1021 1481 sive,
1052 1415 1086 1470 ut
1108 1412 1151 1470 ait
1174 1411 1288 1482 Suidas‚

115 1508 349 1597 decoloravere
370 1506 530 1595 Ἀθήνησι
550 1507 773 1593 βασιλεύοντος
786 1512 981 1590 Μαξιχοίνοο.
1017 1514 1072 1572 Η16
1084 1514 1182 1572 verbis
1192 1518 1287 1572 autem

113 1622 191 1682 nihil
219 1621 277 1681 nisi
306 1619 347 1679 eis
376 1617 459 1677 annis
485 1617 601 1676 laudem
630 1618 748 1693 Apsinis
780 1619 904 1678 maxime
937 1618 1067 1676 floruisse
1099 1617 1289 1695 significatur.

115 1724 215 1785 Etiam
237 1725 292 1782 hoc
313 1721 397 1780 addit
419 1720 540 1791 SuidaS,
571 1720 731 1794 sophistam
759 1726 923 1781 assecutum
944 1739 1005 1779 csse
1027 1720 1201 1797 dignitatem
1224 1738 1290 1778 con-

114 1830 241 1889 sularem
266 1860 300 1871 -
325 1818 483 1886 ὖπανικὸν
505 1824 558 1898 (616
579 1826 809 1884 reoteWalzius
829 1825 887 1884 vol.
906 1825 957 1883 IX.
980 1823 1054 1899 prol.
1077 1842 1106 1897 p.
1131 1825 1169 1882 23
1194 1840 1290 1880 emen·

10 1938 17 2003 J
54 1930 57 1935 ’
113 1930 199 1991 davit
227 1949 280 2005 pro
301 1922 474 2003 ὑπατικοῦ)
501 1921 605 2006 λαβών
637 1922 766 2005 α’ξίωμα.
812 1927 874 1998 Quo
896 1932 993 1986 autem
1017 1930 1145 2000 tempore
1167 1925 1290 1999 Apsines

10 2022 53 2109 sl.
113 2032 263 2113 dignitate
278 2034 403 2093 consulis
418 2033 567 2092 honorarii
582 2036 702 2092 ornatus
719 2032 767 2103 sit,
792 2032 928 2089 doeemur
939 2028 1036 2087 verbis
1053 2028 1178 2088 Suidae:
1201 2029 1290 2108 βασι-

112 2128 267 2206 λεύοντος
287 2134 483 2214 Μαξιμίνον.
524 2136 605 2194 Haec
627 2135 713 2207 enim,
735 2136 760 2195 si
781 2134 910 2194 iudicare
931 2134 1001 2194 licet
1023 2152 1057 2193 ex
1079 2153 1179 2195 eorum
1202 2136 1289 2194 collo·

113 2238 238 2310 catione,
261 2238 413 2297 referenda
434 2240 503 2297 sunt
525 2241 554 2297 et
577 2239 615 2297 ad
631 2229 863 2316 ἕσοφίσνονσεν
884 2228 1045 2320 Ἀθήνησι
1067 2241 1097 2297 61
1118 2239 1157 2296 ad
1178 2230 1289 2297 ὑπανι-

13 2360 17 2365 ·
113 2333 174 2399 κὸν
195 2332 299 2419 λαβὼν
321 2336 454 2418 ἀξίωμα.
486 2341 632 2400 Nimirum
658 2360 723 2399 cum
734 2341 851 2418 Apsiuis
872 2342 935 2399 laus
957 2340 1082 2398 maxime
1103 2339 1289 2398 inclaruisset

111 2442 277 2517 imperante
299 2442 467 2515 Maximino,
497 2444 623 2503 rhetoris
646 2444 767 2503 docendi
788 2444 926 2519 professio
949 2443 992 2502 ita
1014 2441 1224 2513 celebrabatur,
1256 2445 1290 2500 ut

15 2602 18 2607 .
111 2544 166 2603 ille
188 2544 334 2623 dignitate
355 2546 500 2604 consulari
522 2546 696 2607 afficeretur.
730 2548 814 2605 Hanc
837 2548 936 2604 autem
957 2547 1065 2605 multos
1087 2545 1167 2604 illius
1185 2544 1290 2603 aetatis

109 2646 194 2707 viros
215 2650 245 2706 et
266 2646 397 2705 rhetores
419 2649 449 2706 et
469 2649 654 2724 philosophos
676 2650 798 2726 adeptos
819 2668 879 2710 esse
901 2649 980 2707 inter
996 2667 1096 2707 omnes
1114 2650 1237 2708 constat.
1249 2642 1288 2723 28)

200 2751 263 2809 Iam
290 2767 359 2808 vero
381 2753 497 2824 praeter
519 2752 642 2811 docendi
663 2752 869 2826 professionem
890 2751 1001 2810 multus
1024 2754 1088 2809 erat
1108 2751 1233 2824 Apsinos
1255 2749 1286 2807 iu

21 2852 25 2861 '
109 2852 199 2913 libris
220 2853 435 2928 componendis.
481 2855 540 2913 Sed
568 2873 667 2913 omnes
696 2856 756 2913 fere
786 2852 905 2930 praeter
931 2873 1011 2925 eum,
1045 2853 1097 2928 qui
1117 2851 1288 2910 inscribitur

109 2944 208 3039 πέχνη
231 2946 565 3037 ρητορικη,,η)611616111
586 2975 678 3033 neque
701 2958 858 3034 quidquam
881 2959 916 3016 de
938 2958 979 3016 eis
999 2960 1180 3031 compertum
1198 2956 1289 3015 habe-

110 3078 180 3118 mus
200 3058 257 3117 nisi
278 3059 356 3134 quod
379 3058 550 3118 scholiastae
579 3060 616 3118 ad
638 3062 852 3137 Hermogenem
882 3061 1012 3135 aliosque
1042 3060 1198 3134 scriptores
1229 3078 1288 3116 mc-

111 3160 225 3221 moriae
245 3162 377 3223 tradant.
421 3163 466 3220 Ae
487 3162 614 3237 primum
637 3163 755 3239 quidem
783 3164 869 3234 locis,
900 3164 931 3222 iu
954 3165 1057 3239 quibus
1079 3163 1204 3237 Apsines
1225 3162 1289 3220 lau-

113 3264 214 3339 datur,
236 3263 362 3335 collatis,
392 3265 430 3322 ad
452 3282 538 3339 quem
559 3265 670 3324 fontem
692 3266 838 3326 referendi
860 3286 920 3326 esse
941 3268 1113 3337 videantur,
1137 3283 1286 3340 exponam.

203 3368 232 3439 1)
255 3367 332 3425 Max.
355 3366 439 3428 Plan.
461 3367 549 3429 schol.
572 3369 610 3426 ad
622 3369 761 3447 Hermog.
787 3363 827 3429 tl.
850 3388 920 3447 νομ.
943 3360 972 3430 ά.
994 3370 1052 3431 vol.
1072 3369 1108 3426 V.
1128 3387 1158 3442 p.
1174 3369 1235 3427 465
1259 3386 1288 3424 u.

103 3462 156 3531 '30
178 3468 288 3530 Walz.:
321 3451 391 3530 οἷον
412 3461 602 3551 ὑπεσχόμην
624 3469 807 3553 χορηγῆσαι,
835 3466 972 3554 μηδενός
993 3466 1091 3530 ἄλλον
1113 3463 1289 3543 ὑπισχνου-

111 3570 228 3651 μένου·
252 3563 357 3631 τάττοι
378 3565 414 3633 δὲ
435 3574 530 3632 τοῦτο
552 3568 715 3656 Ἀψίνης
752 3567 832 3652 μοναὶ
860 3575 922 3634 τῶν
946 3567 1116 3656 σχημάτων
1140 3565 1285 3640 εἰκότως·

114 3668 156 3735 od
176 3666 235 3754 γάρ
255 3664 364 3755 σχῆμά
385 3665 454 3735 ἐστι
476 3672 616 3744 διανοίας
637 3670 715 3736 κατὰ
735 3670 943 3761 Ἑρμογένην.

203 3778 234 3852 2)
256 3777 352 3836 Anon.
376 3779 463 3841 schol.
486 3781 524 3838 ad
546 3781 686 3857 Hermog.
711 3773 751 3844 ld.
773 3799 843 3861 τομ.
865 3773 894 3840 ά.
917 3783 975 3842 vol.
993 3778 1063 3842 VII.
1081 3799 1109 3854 p.
1129 3782 1210 3840 1023
1224 3781 1287 3841 W.:

114 3870 191 3947 ἴσως
211 3869 308 3940 τοῦτό
330 3872 429 3959 ἔστιν,
453 3876 473 3942 ὃ
494 3878 587 3943 καλεῖ
603 3878 774 3966 Ἀψίνης
795 3878 863 3944 α’πᾶ
884 3884 939 3966 6ης
961 3874 1148 3962 ὁμοιώσεως.

201 3982 233 4056 3)
257 3982 390 4042 Tiberius
420 3986 455 4044 de
483 3987 532 4063 fig.
560 3988 617 4049 vol.
640 3987 722 4046 VIII.
744 4006 773 4063 p.
798 3990 856 4047 563
882 3988 947 4046 W.:
982 3984 1185 4064 σονωνιηιίαν
1219 3981 1288 4045 ὄνο-

113 4076 208 4165 μάζει
227 4077 265 4145 τό
286 4086 393 4167 σχῆμα
414 4084 615 4164 κᾶκεῐνος,29)
645 4081 721 4149 ὅταν
749 4083 828 4149 κατὰ
856 4091 914 4152 τοῦ
944 4083 1044 4150 αὐτοῦ
1064 4079 1246 4169 πράγματος
1267 4082 1288 4171 η’

113 4182 195 4247 nard
208 4186 267 4248 sori
279 4188 491 4269 προκειμένου
507 4183 566 4252 δύο
579 4186 678 4261 λέξεις
692 4192 861 4275 requam·
871 4190 908 4267 30)
923 4194 1018 4255 τοῦτο
1033 4187 1069 4254 δὲ
1081 4186 1287 4272 πλεονασμόν

115 4280 266 4367 ὀνομάζει
287 4285 454 4374 Ἀψίνης
483 4286 572 4354 »τότε
594 4288 635 4377 δη
655 4291 709 4355 καὶ
730 4290 810 4355 κατα
839 4290 896 4358 τὸν
927 4288 1039 4376 καιρόν
1070 4287 1222 4356 anciran<
1247 4332 1288 4342 -

113 4392 192 4454 Ibid.
210 4413 240 4469 p.
259 4397 336 4456 571:
359 4389 417 4476 την
439 4390 476 4459 δὲ
499 4389 697 4459 διατύπωσιν
712 4400 856 4481 παρῆκεν
868 4395 1044 4483 Ἀψίνης.
1060 4434 1101 4444 -
1116 4401 1192 4461 Ibid.
1210 4404 1288 4462 572:
