3000 5108
414 727 756 818 σθὲνηςαδτηνδιορύ-
881 754 936 817 νης
974 729 1117 815 διορύξαι
1148 728 1201 794 αδ-

412 834 464 905 ξαι
880 828 939 918 τήν
1191 839 1238 899 10.
1251 838 1289 895 14
1302 836 1374 897 Bak.

253 939 324 998 340.
341 940 387 999 11.
411 934 464 998 καὶ
482 930 570 999 tent
594 941 637 1019 τῷ
658 934 758 1019 λοιμῷ
840 931 1067 1001 nacterstede
1082 935 1188 1018 λιμοτ·

413 1043 478 1101 τῶν
500 1040 640 1102 Σκυθῶν
881 1033 1002 1103 υόντων
1046 1042 1186 1103 Σκυδῶν

883 1147 935 1221 (sic
952 1148 1030 1221 apud
1044 1148 1079 1209 Β.
1092 1148 1178 1220 corr.)
1191 1147 1238 1206 14.
1272 1150 1289 1205 6
1337 1168 1350 1197 κ

338 1251 387 1311 23.
412 1242 485 1333 δρᾷς
501 1242 757 1330 δτιιδμολογημέ-
841 1241 915 1333 δρᾷς
938 1242 986 1307 δτι
1008 1242 1046 1307 τδ
1065 1245 1188 1309 ἄτοπον

414 1370 472 1413 νον
496 1343 566 1412 ἐστὶ
588 1344 685 1412 κακον
704 1349 757 1411 καὶ
881 1345 1122 1434 ὡμολογημένον
1140 1342 1190 1411 ἔο-

413 1449 535 1514 ἄτοπον
549 1447 588 1514 τδ
604 1450 681 1534 περὶ
697 1446 756 1535 την
879 1449 931 1516 τὶν
958 1451 1035 1537 περὶ
1056 1449 1114 1535 την
1136 1437 1189 1536 ἥτ-

413 1540 520 1638 ἧτταν.
880 1577 938 1618 ταν
1191 1559 1290 1619 14.18
1337 1581 1350 1610 »

294 1661 375 1718 Idem
397 1659 457 1717 fere
478 1661 667 1718 statuendum
689 1663 732 1719 est
755 1663 790 1719 de
811 1662 904 1732 omni,
933 1680 1005 1736 qnae
1033 1660 1184 1718 exhibetur
1206 1660 1237 1716 in
1258 1658 1376 1734 Apsinis

206 1766 282 1833 arte,
306 1763 445 1821 orationis
467 1763 642 1824 condicione.
686 1765 766 1822 Haec
787 1763 879 1840 igitur
900 1764 1078 1823 varietatum
1099 1763 1228 1822 enotatio
1245 1761 1376 1820 sufficere

206 1864 335 1936 videtur,
360 1884 417 1941 qua
439 1866 641 1940 comprobetur
664 1866 791 1924 codicem
813 1865 975 1927 Parisinnm
996 1866 1025 1924 A
1048 1866 1163 1924 differre
1185 1864 1221 1922 ab
1242 1863 1375 1922 omnibus

118 1966 125 2045 ¹.
206 1966 335 2042 reliquis.
381 1969 446 2026 Huc
468 1968 593 2039 accedit,
627 1969 704 2043 quod
725 1968 802 2025 idem
824 1968 873 2026 ille
895 1969 983 2026 codex
1004 1969 1111 2027 multas
1138 1969 1272 2037 lacunas,
1302 1983 1375 2041 quae

205 2067 398 2127 inveniuntur
426 2069 458 2126 in
488 2070 606 2145 reliquis
627 2074 658 2129 et
679 2072 710 2130 in
738 2071 864 2129 editione
886 2071 1009 2141 Aldina,
1043 2071 1208 2129 luculenter
1241 2067 1374 2141 complet,

207 2169 301 2239 velut,
329 2173 363 2227 ut
384 2172 536 2230 nonnullas
557 2174 718 2247 proferam,
741 2194 770 2248 p.
795 2175 865 2235 340.
889 2177 907 2233 6
930 2173 993 2248 (13.
1017 2176 1056 2233 20
1079 2173 1127 2247 Β.)
1148 2171 1309 2230 omiserunt
1330 2186 1375 2225 re-

206 2270 283 2346 liqui
293 2288 391 2330 omnes
405 2263 563 2333 δύσκολον
586 2268 622 2334 δὲ
640 2267 753 2358 ἐκείνη,
779 2269 827 2334 ὅτι
844 2270 889 2358 μη
910 2272 1028 2361 ῥᾷστον
1051 2267 1222 2353 ἐφικέσθαι
1242 2271 1304 2332 τῶν
1326 2286 1374 2329 τε·

118 2364 121 2369 ’
207 2367 430 2455 τολμημέναιν,
462 2377 532 2439 ibid.
556 2399 583 2438 v.
608 2379 626 2438 8
648 2379 711 2451 (14.
736 2381 754 2438 2
777 2380 824 2453 Β.)
856 2397 911 2437 om.
941 2381 1004 2439 rell.
1034 2374 1178 2458 ἀφεῖναι,
1208 2377 1373 2453 113426

208 2476 362 2552 (17.9Β.)
384 2495 440 2540 om.
463 2479 637 2559 συμφέρον,
661 2501 688 2555 p.
703 2483 771 2541 343.
797 2483 834 2541 17
858 2482 921 2557 (19.
940 2483 976 2541 10
994 2482 1042 2557 Β.)
1064 2500 1120 2541 om.
1144 2472 1179 2549 ἐξ
1194 2473 1374 2552 α’πολογίας,

208 2596 238 2653 p.
262 2582 333 2642 344.
359 2584 396 2642 14
424 2585 486 2656 (20.
512 2587 550 2644 20
573 2585 621 2659 Β.)
643 2604 698 2643 om.
720 2577 855 2662 μεγάλοι,
885 2605 914 2660 p.
939 2587 1008 2647 345.
1033 2586 1071 2643 27
1099 2585 1162 2657 (22.
1188 2584 1226 2642 19
1248 2581 1296 2654 Β.)
1318 2598 1373 2639 om.

209 2671 267 2741 ἐπὶ
287 2683 346 2742 τοῦ
366 2679 624 2763 ἀπολογουμένου
647 2680 761 2763 εἰπεῖν,
792 2708 820 2762 p.
844 2690 914 2748 348.
940 2690 977 2747 12
1000 2689 1062 2761 (26.
1088 2688 1125 2746 18
1148 2685 1195 2757 Β.)
1217 2702 1273 2744 om.
1296 2698 1375 2761 προ·
1478 2736 1480 2740 ,

210 2778 400 2854 κατάστασίς
421 2779 510 2848 ἐστιν
531 2783 645 2867 ἔφοδος
672 2784 753 2868 πρδς
782 2785 836 2859 τοῖς
865 2786 1043 2862 ἀποδείξεις
1063 2783 1085 2871 τ’)
1105 2779 1282 2870 κατασκευή
1311 2785 1373 2844 τῶν

136 2904 147 2913 “
210 2886 420 2969 ἀποδείξεων,
453 2913 482 2968 p.
507 2896 617 2955 349.1
648 2896 711 2968 (27.
736 2896 774 2954 19
797 2896 843 2970 Β.)
873 2914 928 2957 om.
961 2886 1152 2969 ἐπιθέσεως,
1186 2914 1215 2968 p.
1240 2895 1309 2954 356.
1335 2894 1372 2952 17

210 2994 273 3068 (39.
287 2999 305 3054 2
317 2995 364 3069 Β.)
387 3013 443 3057 om.
460 2989 613 3064 πολλάκις
634 2990 690 3056 ἐπὶ
705 2989 852 3079 Κατάνην
874 2988 969 3079 ἐρρύη
987 2988 1025 3056 τό
1040 2996 1117 3077 πῦρ,
1139 2991 1194 3055 καὶ
1205 2984 1376 3074 ’βουλεύον-

208 3115 262 3157 ται
282 3096 358 3176 περὶ
379 3100 599 3178 μετοικισμοῦ·
623 3096 676 3158 καὶ
698 3092 805 3178 πάλιν,
837 3103 866 3159 et
888 3118 962 3176 quae
984 3103 1054 3158 sunt
1075 3099 1191 3161 similia.
1218 3132 1250 3141 -
1277 3097 1376 3158 Etiam

209 3197 242 3255 in
263 3198 394 3258 Parisino
416 3201 444 3258 A
471 3200 620 3261 invenitur
647 3203 750 3262 lacuna
771 3223 799 3278 p.
824 3205 894 3264 351.
919 3206 956 3263 10
989 3204 1051 3276 (31.
1078 3202 1164 3278 713.)
1194 3194 1316 3262 ὁπόταν
1338 3194 1378 3258 ro?

209 3300 270 3360 τοῦ
298 3296 460 3362 ἀντιδίκου
494 3322 584 3379 usque
615 3307 654 3363 ad
683 3305 821 3382 peginam
840 3307 922 3366 352.
947 3306 984 3364 25
1015 3305 1077 3380 (33.
1100 3307 1120 3364 4
1143 3305 1181 3378 B)
1208 3297 1377 3386 χρημάτων

209 3398 379 3484 εἰσφορᾶς,
411 3425 485 3481 quae
513 3408 602 3466 verba
635 3412 749 3469 exstant
779 3409 810 3466 in
832 3408 1104 3485 omnibusreliquis
1126 3409 1273 3469 codicibus
1295 3409 1377 3468 etin
1418 3404 1421 3425 ²

207 3508 337 3567 editione
358 3510 476 3570 Aldina.

298 3611 381 3681 Quod
403 3631 472 3673 vero
489 3613 620 3673 omnibus
634 3615 718 3675 libris
732 3614 938 3690 manuscriptis
948 3617 1063 3689 praeter
1075 3603 1238 3674 Parisinum
1248 3614 1276 3672 A
1287 3615 1377 3674 inter·

136 3774 139 3779 ,
208 3712 338 3788 positum
359 3717 402 3774 est
413 3716 537 3792 Longini
559 3716 631 3775 artis
645 3717 852 3793 fragmentum,
874 3716 998 3775 marimo
1021 3717 1150 3775 omnium
1171 3717 1244 3776 mihi
1260 3718 1378 3776 videtur

131 3854 134 3859 -
208 3831 272 3873 esse
284 3815 467 3894 documento,
490 3817 581 3894 illum,
605 3837 691 3894 quem
709 3819 777 3890 dixi,
801 3819 928 3879 codicem
950 3839 1041 3878 unum
1064 3820 1206 3880 diversam
1224 3818 1377 3879 abactoris

145 3904 149 3909 ⁵
209 3917 324 3977 duxisse
346 3919 498 3996 originem.
542 3962 550 3969 .
781 3924 784 3929 ’

297 4022 361 4083 Iam
391 4043 459 4084 vero
492 4044 557 4084 cnm
588 4026 659 4085 duas
687 4027 790 4087 classes
817 4025 935 4101 Apsinis
964 4025 1095 4087 codicum
1123 4029 1235 4086 exstare
1264 4044 1377 4084 earum-

209 4144 267 4203 que
277 4104 413 4187 lectiones
426 4128 503 4187 inter
520 4147 550 4187 se
563 4128 727 4203 discrepare
749 4131 977 4189 demonstratum
996 4129 1043 4200 sit,
1066 4133 1159 4188 restat
1172 4133 1205 4188 ut
1219 4129 1376 4198 videamus,

208 4234 281 4289 uba
306 4250 405 4291 earum
427 4235 463 4292 ad
490 4233 650 4293 orationem
679 4231 910 4291 constituendam
931 4233 970 4291 sit
991 4232 1165 4291 adhibenda.
1209 4231 1274 4301 Qua
1294 4232 1325 4289 in
1346 4250 1378 4290 re

208 4333 297 4392 facile
325 4335 532 4410 comprobabo,
566 4336 694 4393 omnium
723 4336 808 4412 longe
837 4335 979 4410 optimum
1008 4340 1038 4395 et
1058 4335 1095 4393 ab
1117 4334 1207 4410 ipsius
1229 4334 1378 4408 scriptoris

208 4434 329 4495 dicendi
355 4445 460 4513 genere
487 4438 650 4513 proximum
672 4455 730 4498 esse
754 4438 881 4497 codicem
904 4437 1067 4498 Pan'sinnm
1089 4439 1117 4496 A
1139 4437 1260 4512 ideoque
1287 4457 1376 4495 unum

1142 4534 1173 4586 2.
