3000 5108
740 471 777 529 13

60 682 71 715 ι
171 651 357 718 συνίσταται
372 676 409 718 το
402 652 529 719 ’κῶλον
547 653 722 739 συλλαβῶν·
744 653 772 719 εἰ
787 655 846 738 γάρ
862 656 1079 739 απαρτίζοιτο,
1102 658 1194 740 φησι,
1217 653 1341 722 διάνοια

60 806 63 813 .
169 760 222 823 καὶ
244 755 279 824 έν
301 756 360 824 oto
382 759 553 844 συλλαβαῖς
575 753 679 840 κόμμα
703 756 801 839 ἔσται,
827 758 927 831 καλῶς
948 757 1054 837 λέγων.
1099 763 1191 823 Balio
1214 766 1287 838 prol
1310 785 1340 840 p.

60 860 63 867 '
168 868 220 926 XI.
242 866 335 941 petita
356 867 427 926 haec
449 885 509 926 esse
530 865 670 926 videntur
691 884 725 924 ex
744 866 857 942 Syntag
839 869 936 924 oman
958 861 1035 945 περὶ
1057 857 1232 947 συνόηκης
1272 866 1340 924 Non

60 968 62 973 '
168 972 255 1043 puto,
288 988 356 1027 nam
385 989 450 1028 cum
480 971 551 1027 haec
580 988 673 1044 neque
702 970 741 1026 ad
762 968 881 1042 Apsinis
911 973 1004 1027 artem
1031 968 1208 1026 rhetoricam
1238 969 1341 1026 referri

66 1078 70 1085 '
168 1070 281 1144 possint
302 1091 394 1147 neque
416 1074 454 1130 ad
476 1071 536 1130 eius
559 1071 742 1145 deperditum
765 1072 801 1128 ile
822 1070 923 1146 figuris
944 1070 1065 1141 librum,
1098 1073 1259 1131 necessario
1280 1076 1339 1131 ter·

169 1173 302 1263 tium‘ab
325 1193 357 1233 eo
380 1175 487 1233 librum
517 1175 553 1232 de
583 1173 745 1231 elocutione
773 1173 964 1247 compositum
993 1192 1052 1232 esse
1081 1176 1266 1233 statuendum
1288 1180 1340 1236 est.

60 1262 71 1331 s
167 1275 270 1349 Neque
290 1279 388 1335 tamen
410 1275 488 1334 idem
509 1275 736 1334 existimandum
757 1279 801 1334 est
824 1276 858 1333 de
881 1275 929 1346 eis,
954 1293 1027 1351 quae
1046 1274 1163 1348 scripsit
1174 1276 1341 1335 Demetrius

167 1373 245 1455 περὶ
266 1370 431 1458 ἑρμηνείας
453 1380 470 1450 ἓ
494 1381 554 1438 237
577 1378 645 1452 (vol.
665 1380 717 1436 ΠΙ.
731 1398 759 1452 p.
776 1381 836 1438 313
855 1377 989 1454 Spengel,
1012 1378 1070 1437 vol.
1083 1378 1133 1436 IX.
1147 1396 1176 1451 p.
1192 1380 1250 1436 100
1264 1378 1338 1452 W.):

63 1506 75 1555 '.
167 1474 244 1557 περὶ
266 1474 302 1538 δέ
322 1473 381 1561 την
402 1475 488 1550 λέξιν
510 1478 628 1554 γίνεται
648 1474 687 1538 τό
708 1473 815 1562 ξηρόν,
840 1474 916 1541 όταν
939 1478 1068 1559 πρᾶγμα
1089 1475 1166 1555 μέγα
1198 1480 1340 1558 σμικροῖς

60 1616 70 1631 --
168 1576 322 1658 ὀνόμασιν
338 1576 523 1666 ἀπαγγέλλῃ,
549 1568 616 1643 οἷον
632 1577 672 1652 τός
689 1576 882 1662 όΓαόαρειῖς
895 1575 952 1644 tut
967 1583 1022 1664 τῆς
1037 1573 1072 1641 έν
1088 1575 1247 1657 Σαλαμῖνι
1265 1600 1338 1641 ναυ-

165 1683 279 1762 μαχίας
300 1684 390 1767 φησί.
434 1686 498 1744 Ηοο
525 1686 587 1745 loco
616 1691 667 1746 aut
690 1688 874 1745 Theodorum
897 1687 1094 1746 Gadarensem
1123 1689 1175 1743 aut
1197 1686 1339 1759 Apsinem

166 1786 393 1862 intellegendum
415 1805 474 1845 esse
497 1787 627 1847 Walzius
648 1808 708 1848 non
728 1788 821 1864 magis
842 1784 964 1859 recte³³)
993 1792 1080 1863 putat
1108 1807 1196 1864 quem
1218 1789 1339 1847 Schnei-

167 1881 312 1960 denis,³²¹)
343 1888 393 1963 qui
425 1890 460 1947 de
482 1889 621 1964 scriptore
644 1891 779 1951 dubitare
800 1891 927 1952 videtur.
972 1893 1030 1951 Sed
1053 1891 1221 1949 Theodorus
1243 1891 1341 1949 Gada-

165 1991 258 2051 rensis
279 1992 452 2050 statuendus
474 1995 527 2054 est.
571 1992 601 2052 Is
623 1993 717 2064 enim,
750 1994 801 2069 qui
820 1994 960 2071 magister
982 1992 1093 2052 Tiberii
1115 1990 1245 2049 (laeseris
1267 2000 1339 2063 erat,

166 2095 279 2154 exstitit
309 2095 443 2171 princepe
473 2099 568 2155 sectae
597 2096 777 2173 rhetoricae,
811 2097 861 2172 qui
887 2097 1069 2157 vocabantur
1090 2091 1340 2175 Θεωδορεῑοι.35)

166 2196 261 2254 Huius
282 2197 345 2256 laus
366 2197 502 2255 omnibus
524 2198 706 2273 temporibus
729 2217 796 2257 cum
814 2199 938 2258 maxime
965 2201 1096 2269 floreret,
1128 2197 1165 2256 ab
1189 2199 1339 2258 Demetrio

165 2299 281 2376 egregie
302 2299 454 2359 dicebatur
476 2293 494 2358 ό
515 2293 685 2381 Παδαρεός.
729 2301 851 2360 Accedit
882 2303 960 2377 quod
982 2301 1125 2360 Demetrii
1157 2303 1232 2360 liber
1262 2300 1339 2382 περὶ

165 2395 339 2481 ἑρμηνείας,
364 2402 538 2478 quicumque
560 2404 585 2463 is
605 2403 672 2474 fnit,
695 2406 772 2462 certe
793 2407 861 2463 ante
878 2403 997 2478 Apsinis
1014 2404 1187 2465 Gadarensis
1209 2408 1338 2464 aetatem

164 2503 337 2579 compositus
358 2509 401 2565 est
423 2508 452 2564 et
473 2509 592 2580 propter
614 2506 775 2565 disserendi
796 2506 971 2583 elegantiam
993 2511 1023 2566 et
1044 2511 1164 2582 propter
1181 2508 1336 2578 rhetorica,

164 2625 238 2683 quae
259 2607 301 2665 ibi
322 2607 521 2680 proferuntur,
550 2612 720 2684 praecepta3
753 2608 784 2667 id
807 2610 885 2684 quod
907 2608 963 2666 alio
984 2611 1116 2683 tempore
1137 2609 1211 2668 mihi
1232 2630 1337 2687 propo-

164 2709 253 2769 situm
275 2713 319 2768 est
339 2710 502 2770 luculenter
525 2712 732 2769 demonstrare.

250 2815 307 2874 Sed
331 2813 449 2873 difficile
470 2814 526 2874 erit
548 2814 653 2887 dicere,
683 2813 754 2890 quid
776 2813 814 2873 sit
836 2815 999 2889 putandum
1022 2815 1141 2874 deloco
1165 2817 1257 2876 Walz.
1280 2819 1336 2877 vol.

163 2918 216 2980 VI.
239 2937 270 2992 p.
294 2919 354 2977 583
378 2917 484 2991 Georg.
507 2916 601 2977 Pleth.
626 2911 769 2998 συντομη
791 2913 867 2997 περὶ
888 2917 944 2998 τῆς
965 2912 1138 3000 ῥητορικῆς,
1171 2920 1223 2978 ubi
1243 2912 1344 2979 tradi?

163 3024 214 3079 tur
236 3018 435 3096 Hermogenes
455 3012 513 3101 την
536 3018 645 3079 πᾶσαν
668 3013 837 3102 ῥητορικήν
860 3011 997 3095 δόναμιν
1019 3012 1053 3079 έκ
1075 3021 1171 3084 τοῦδε
1194 3023 1336 3098 (Μινου-

164 3122 293 3195 κιανοῦ)
315 3118 368 3181 καὶ
389 3121 449 3181 τοῦ
470 3117 607 3203 ’Aptera
630 3116 899 3202 σφετερισάμενος
916 3120 970 3183 καὶ
989 3116 1070 3201 ὅμως
1086 3121 1143 3185 crin
1162 3120 1337 3207 ἀκριβώσας

164 3220 209 3292 εἰς
228 3221 325 3300 τέλος,
352 3217 432 3283 ἄλλα
454 3218 759 3308 προσποιησάμενος
780 3224 986 3309 νενοσηκέναι
1007 3221 1065 3288 τόν
1087 3221 1266 3311 λη’θαργον,
1297 3225 1337 3298 ὥς

163 3324 202 3390 ἂν
223 3324 268 3410 μη
288 3321 326 3387 τό
347 3324 425 3409 περὶ
453 3322 599 3405 μεθόδου
631 3320 810 3410 δεινότητος
840 3321 969 3409 γράφων
997 3325 1180 3411 καταφανης
1201 3328 1336 3415 Ἀψίνης

163 3431 288 3513 φανείη,
333 3430 458 3489 Omnino
480 3431 552 3489 haec
572 3432 647 3490 falsa
668 3434 752 3503 sunt;
775 3450 869 3507 neque
890 3432 969 3491 enim
984 3433 1182 3510 Hermogenes
1204 3453 1238 3493 ex
1260 3436 1335 3494 libro

162 3534 289 3610 Apsinis,
313 3532 364 3608 qui
385 3534 479 3593 multo
500 3537 566 3608 post
588 3552 654 3592 eum
677 3534 765 3604 vixit,
796 3535 828 3593 in
855 3555 940 3595 suum
968 3533 1045 3614 περὶ
1066 3529 1212 3613 μεθόδου
1235 3528 1335 3596 δεινό-

161 3654 254 3719 τητος
275 3636 384 3695 librum
405 3636 565 3695 transferre
586 3637 690 3712 potuit.
699 3632 738 3712 36)
773 3637 872 3696 Facile
894 3642 1001 3711 autem,
1026 3658 1100 3715 quae
1120 3642 1154 3699 de
1166 3640 1334 3705 Minuciano

161 3740 330 3809 traduntur,
356 3757 423 3798 vera
445 3743 529 3810 sunt;
561 3757 629 3797 nam
652 3757 737 3814 saepe
758 3758 825 3798 eum
847 3739 883 3798 ab
906 3741 1088 3819 Hermogene
1109 3743 1158 3803 vel
1179 3743 1334 3819 impugna·

162 3845 225 3901 turn
247 3840 294 3899 vel
316 3841 500 3901 emendatum
523 3860 583 3902 esse
605 3842 738 3902 referunt
759 3838 988 3914 scholiastae³⁷l
1032 3843 1139 3921 Itaque
1160 3845 1333 3904 vocabulum

161 3941 294 4026 Ἀψίνης
321 3946 373 4002 aut
399 3948 568 4020 corruptum
597 3948 649 4004 aut
670 3945 874 4021 interpositum
896 3952 949 4008 est.
994 3949 1131 4006 Fortasse
1152 3947 1255 4006 literae
1275 3948 1335 4006 τοῦ

160 4044 296 4130 Ἀψλνου
317 4048 426 4107 mixtae
448 4053 525 4121 sunt,
549 4052 592 4120 ut,
616 4068 683 4107 cum
704 4066 754 4107 eae
775 4053 929 4125 corruptae
950 4068 1034 4109 sensu
1050 4053 1193 4119 carerent,
1216 4051 1254 4107 acl
1267 4069 1334 4123 pro·

160 4153 286 4212 habilem
303 4151 454 4210 lectionem
479 4146 532 4211 καὶ
553 4153 612 4211 τοῦ
634 4149 771 4233 'Alpinos
793 4156 1059 4225 commutarentur3
1081 4154 1180 4230 itaque
1203 4154 1332 4213 scriben-

161 4256 229 4313 dum
251 4255 323 4328 puto
345 4243 380 4311 έκ
403 4250 498 4313 τοῦδε
519 4256 577 4315 τοῦ
598 4247 828 4335 τεγυογρόφου,
851 4256 977 4315 alterum
999 4251 1133 4339 Ἀψίνης
1150 4260 1184 4316 ut
1205 4257 1332 4332 interpo-

160 4357 250 4417 situm
272 4359 316 4415 est
338 4355 546 4417 includendum
569 4358 616 4417 vel
638 4359 843 4436 corrigendum
867 4348 994 4429 ἐκεῖνος.
1039 4362 1087 4418 Ita
1108 4359 1186 4418 enim
1206 4359 1331 4419 Miuuci-
