3000 5108
10 645 27 741 ί
56 652 59 657 ¹
103 671 142 741 dd
157 678 218 739 νῦν
240 671 335 755 λόγον
356 671 413 740 τόν
436 671 608 754 δικανικόν,
632 679 685 738 hoo
702 682 799 738 antem
812 682 899 754 eaput
914 682 1171 755 nonnunquamad
1187 698 1278 758 genus

10 736 20 889 f
101 782 217 843 forense
237 783 383 858 pertinere
405 785 490 842 docet
512 802 551 857 p.¹
565 783 642 843 405:
665 775 704 841 ad
725 773 834 850 πάθος
856 775 942 842 notri
956 776 1017 859 μὲν
1039 773 1074 841 ἒν
1092 776 1225 865 ποιησει
1240 783 1279 863 τῇ

10 930 13 973 3
50 938 53 947 .
102 886 243 966 τραγικῇ,
265 878 334 968 ἥξει
347 882 385 945 δέ
397 901 478 944 ποτε
494 880 547 944 καὶ
562 878 607 952 εἷς
628 879 685 944 τόν
708 877 886 944 πολιτικόν.
919 885 1028 955 Quidni
1045 886 1124 944 idem
1140 887 1194 946 hoe
1213 888 1276 946 loeo

10 982 19 1035 ῑ
102 988 215 1049 faetnm
236 1008 296 1048 esse
317 989 528 1058 existimemus,
557 988 635 1062 quod
657 987 854 1058 Quintilianus
876 987 992 1061 seripsit
1013 987 1082 1049 inst.
1109 1007 1151 1047 or.
1175 988 1227 1047 VI.
1251 1008 1276 1048 o.

10 1070 20 1081 '¹
102 1090 144 1151 H.
170 1093 184 1151 1
210 1091 313 1149 Halm:
347 1090 504 1160 »Quamvis
527 1094 625 1149 antem
646 1109 715 1166 pars
735 1091 806 1149 haee
828 1088 998 1166 (peroratio)
1017 1088 1198 1147 iudicialium
1211 1109 1279 1149 eau-

103 1210 202 1251 sarnm
222 1192 253 1249 in
275 1211 389 1251 summa
410 1193 619 1269 praecipueque
642 1196 756 1252 eonstet
777 1193 928 1252 affectibus
950 1196 979 1250 et
1000 1191 1098 1266 aliqua
1121 1192 1156 1250 de
1173 1193 1210 1251 iis
1227 1213 1278 1251 ne-

103 1294 226 1355 cessario
248 1295 380 1368 dixerim,
403 1314 463 1354 non
483 1298 583 1355 tamen
604 1295 687 1371 potui
708 1315 742 1354 no
763 1314 800 1354 ne
821 1296 909 1354 debui
931 1296 1049 1371 quidem
1071 1295 1160 1354 istum
1181 1298 1276 1356 looum

103 1396 136 1457 in
155 1415 245 1455 unam
266 1397 390 1472 speeiem
412 1399 584 1458 oonelndere
607 1445 615 1461 .
640 1445 647 1460 .
671 1443 698 1471 .,
721 1417 779 1474 qna
800 1399 836 1456 de
852 1416 997 1472 repausa,
1020 1416 1093 1473 qnae
1110 1400 1278 1472 postulabat

10 1498 29 1583 η’,
103 1499 238 1572 materia,
258 1499 301 1560 sie
322 1499 419 1578 attigi,
442 1504 476 1560 nt
497 1501 590 1578 magis
612 1501 683 1577 quid
705 1504 853 1575 oporteret
874 1499 938 1558 fieri
960 1518 1046 1576 quam
1071 1520 1127 1576 quo
1144 1500 1176 1558 id
1192 1503 1278 1560 modo

103 1602 240 1679 consequi
260 1620 422 1678 possemne,
455 1606 645 1663 ostenderem.
690 1605 777 1662 Nnno
805 1603 895 1662 altius
922 1602 1017 1661 omnis
1049 1603 1091 1660 rei
1120 1607 1279 1679 repetenda

10 1734 20 1793 ,'-.
67 1744 76 1757 ·
101 1704 179 1765 ratio
200 1699 321 1781 estse)
366 1706 450 1776 Quod
472 1710 570 1766 autem
591 1725 650 1769 non
672 1708 771 1765 eodem
792 1705 991 1780 praecipiendi
1008 1725 1088 1766 more
1105 1707 1201 1767 utitur
1216 1708 1277 1782 Ap-

10 1800 33 1901 'r'
101 1810 188 1883 sines,
209 1829 256 1871 res
271 1810 334 1887 ipsu
348 1811 407 1870 fert
421 1809 618 1870 mutationem
640 1809 754 1886 generis
774 1808 899 1868 dicendi.
943 1809 1045 1884 Neque
1067 1813 1166 1867 tamen
1184 1809 1278 1868 aliena

10 1910 29 1979 it
101 1916 149 1973 est
168 1912 259 1973 diotio
281 1930 375 1990 neque
396 1913 594 1987 exemplorum
615 1911 670 1989 vis,
700 1912 738 1973 ef.
760 1931 809 1987 pp.
834 1913 904 1974 384.
929 1915 987 1984 203
1019 1914 1089 1973 394.
1116 1915 1170 1984 17;
1205 1915 1275 1975 358.

10 2020 37 2085 il,
102 2014 154 2077 18.
179 2017 229 2077 20.
252 2018 303 2076 23.

10 2098 33 2185 ’ἷ-
188 2117 365 2192 Praecipuus
386 2120 484 2176 antem
507 2117 627 2194 Apsinis
649 2118 739 2189 liber,
772 2118 823 2193 qni
850 2118 967 2193 quidem
995 2121 1078 2176 totus
1106 2118 1167 2175 fere
1195 2117 1278 2176 nobis

88 2223 291 2293 ¹conservatus
301 2223 353 2293 est,
366 2220 537 2280 inscribitur
545 2215 681 2302 Ἀψίνον
692 2219 785 2302 τέχνη
798 2210 947 2301 ῥητορική
959 2215 1036 2297 περὶ
1046 2212 1277 2297 προοιμίωνέέ)

10 2344 22 2383 ·.·
98 2322 168 2381 Hos
189 2326 286 2381 antem
307 2325 387 2382 reete
408 2341 437 2382 se
458 2323 565 2382 habere
585 2342 644 2383 non
671 2341 756 2398 posse
778 2315 995 2399 Spengelins45)
1028 2320 1158 2396 exposuit
1190 2324 1278 2397 atque

10 2414 26 2451 ¹·
97 2410 331 2498 demonstrarit,
364 2446 429 2486 oum
450 2428 481 2486 in
504 2445 537 2485 sa
558 2431 623 2486 arte
650 2426 781 2503 singulae
805 2429 909 2500 ⁸partes
943 2426 1126 2501 eloquentiae
1155 2425 1278 2486 forensis

96 2526 239 2599 inessent,
262 2528 413 2588 exordium
424 2530 498 2601 dieo,
520 2529 729 2599 narrationem,
753 2528 1001 2587 confirmationem
1016 2548 1050 2587 no
1060 2528 1276 2599 refutationem,

15 2706 22 2715 .
96 2628 259 2707 epilogum,
281 2633 372 2692 verba
386 2631 480 2715 τέχνη
498 2624 648 2715 ῥητορικη
658 2627 735 2711 περὶ
752 2629 930 2712 προοιμίων
945 2630 1051 2690 uitiosa
1066 2629 1276 2689 uocabulorum

25 2812 33 2823 ,
96 2730 290 2807 dispositmne
312 2738 413 2793 exorta
433 2753 493 2795 esse
514 2739 601 2811 atque
621 2730 698 2813 περὶ
719 2733 897 2815 προοιμίων
919 2732 994 2791 nihil
1015 2731 1130 2790 ostendi
1151 2731 1208 2790 nisi
1230 2730 1294 2789 in?

96 2832 290 2907 scriptionem
318 2835 407 2911 primi
429 2838 533 2912 eapitis
560 2839 653 2899 totius
682 2838 783 2899 libelli.
827 2837 892 2896 Iam
924 2835 999 2894 illud
1027 2835 1194 2893 addendum
1224 2838 1277 2906 est,

97 2936 228 3013 quodie
248 2937 323 2997 liber
345 2957 363 2996 a
384 2939 547 3000 seholiastis
572 2942 610 2999 ad
632 2941 847 3018 Hermogenem
874 2941 961 2999 modo
991 2935 1069 3018 περὶ
1098 2936 1276 3018 προοιμίων

96 3036 157 3101 καὶ
176 3038 319 3103 πίστεων
340 3045 403 3118 (IV.
421 3047 460 3106 35
480 3044 542 3115 W.)
563 3045 650 3104 modo
671 3040 748 3122 περὶ
769 3044 832 3103 τῶν
854 3044 961 3122 μερῶν
982 3042 1042 3102 τοῦ
1064 3033 1160 3116 λόγου
1182 3040 1275 3121 τέχνη
1351 3075 1352 3080 1

97 3140 168 3219 (lv.
201 3146 259 3207 712
288 3146 349 3222 W.)
380 3147 527 3210 landatur.
571 3147 700 3207 Pluralis
728 3152 826 3207 antem
855 3146 1067 3222 prooemiorum
1097 3146 1178 3206 notio
1208 3145 1277 3204 inde

98 3244 178 3305 mihi
196 3245 316 3307 ridetur
336 3248 464 3321 fluxisse,
495 3251 576 3326 quod
596 3250 721 3326 Apsines
742 3253 858 3325 praeter
880 3252 990 3308 eeteros
1012 3249 1144 3307 rhetores
1165 3247 1197 3305 in
1218 3247 1276 3305 siu-

14 3406 17 3413 .
96 3348 178 3427 gulis
208 3366 307 3409 eorum
336 3351 499 3412 rationibus
529 3352 708 3429 explicandis
738 3353 881 3427 plurimus
909 3350 977 3409 fuit.
1029 3351 1127 3426 Atque
1157 3370 1224 3409 enm
1246 3371 1275 3426 p.

99 3450 205 3513 aaut
228 3451 278 3526 Sp.
303 3452 422 3525 diceret,
446 3455 518 3530 quid
536 3458 612 3515 esset
632 3454 855 3530 personifioatio,
878 3454 951 3513 alibi
972 3472 1002 3513 se
1024 3454 1084 3512 iam
1106 3454 1275 3527 ostendisse,

97 3570 169 3613 enm
189 3553 299 3615 librum
320 3556 452 3614 omnium
473 3561 650 3630 ceterorum,
679 3575 751 3633 qnos
772 3557 822 3616 ille
843 3558 975 3634 scripsit,
997 3558 1137 3618 ultimum
1159 3558 1276 3617 videtur

98 3657 310 3733 oomposnisse3
332 3659 364 3718 id
382 3661 460 3736 qnod
476 3679 494 3719 a
511 3660 646 3737 plurimis
661 3661 726 3720 aliis
747 3660 914 3720 rhetoribus
936 3663 1046 3721 faotnm
1070 3664 1122 3730 est,
1144 3662 1187 3730 nt,
1210 3678 1274 3717 enm

11 3814 18 3826 .
97 3762 194 3819 artem
215 3763 398 3837 permultos
420 3781 510 3823 annos
531 3763 652 3840 professi
675 3767 778 3834 essent,
802 3763 947 3839 quidquid
970 3782 1004 3821 ex
1015 3761 1200 3821 institutione
1212 3779 1276 3818 ora-

68 3862 71 3867 '
96 3862 179 3923 toria
198 3864 389 3939 profecerant,
412 3865 445 3924 in
464 3886 556 3925 nuum
577 3867 688 3926 librum
700 3866 874 3938 conferrent,
897 3865 979 3924 euius
993 3864 1036 3923 rei
1052 3864 1135 3923 nobis
1152 3883 1276 3939 magnus

99 3966 185 4027 testie
206 3972 251 4027 est
273 3966 470 4037 Quintilianus
492 3970 632 4045 (prooem.
654 3968 703 4044 L).

186 4070 267 4129 Haeo
289 4071 409 4146 Apsinis
441 4091 488 4131 ars
518 4072 621 4148 quenti
650 4071 804 4131 aestimata
831 4071 870 4131 sit
898 4074 927 4131 et
956 4071 993 4129 ab
1015 4070 1184 4145 aequalibus
1206 4072 1275 4127 ota

98 4172 309 4249 posterioribus
329 4173 505 4246 rhetoribus,
528 4175 597 4233 inde
619 4173 721 4244 eluoet,
744 4175 822 4249 qnod
844 4193 928 4249 saepe
948 4176 1095 4245 landatur,
1118 4174 1200 4233 velut
1216 4173 1273 4230 vol.

98 4276 155 4339 IV.
173 4280 212 4339 35
226 4279 291 4340 W.:
313 4275 368 4339 καὶ
382 4268 582 4358 Θεοφράστῳ
603 4271 639 4337 δέ
660 4276 832 4365 γέγραπται
846 4275 940 4360 τέχνη
959 4270 1109 4359 ῥητορικη
1119 4273 1201 4354 Ιπερὶ
1223 4267 1273 4334 ἒν-

96 4372 319 4465 θνμιημᾶτων,
348 4377 402 4443 καὶ
423 4371 621 4465 Ἀλεξάνδρῳ
649 4382 693 4462 τῷ
719 4382 778 4442 τοῦ
806 4374 993 4463 Νονμηνιόν
1023 4377 1076 4440 καὶ
1104 4374 1276 4463 Antisara
