2932 5054
709 366 746 421 14

142 574 214 611 acue
238 552 402 628 appellatur
423 553 462 610 a'o
483 552 583 609 eadem
606 553 749 627 scriptore
770 553 858 627 punio
878 566 948 609 ante
969 566 997 608 er
1020 569 1049 623 p.
1073 551 1150 609 561:
1173 541 1218 615 οἷς
1239 546 1317 606 Φοι-

141 651 261 733 βᾰμοονο
292 656 336 733 τῷ
363 655 503 733 σοφιστῇ
530 652 581 714 καὶ
605 653 814 733 Μονοοκιονῷ
842 653 885 732 τῷ
914 644 1127 731 τεχνογράφοι.
1171 652 1318 709 Nonnun-

143 776 229 834 quam
251 760 339 816 etiarn
352 759 474 832 ‚ipsine-e
497 776 563 815 cum
578 758 744 817 Minuciano
766 757 924 825 inducitur,
945 758 1022 814 unde
1043 756 1166 814 formes
1186 752 1242 811 illa
1263 752 1319 811 ali·

143 861 223 919 enm
243 861 406 919 emendatio
427 872 494 917 orta
514 874 558 919 est
580 861 672 931 (relut
693 862 786 922 Walz.
810 860 877 921 l'll.
900 879 929 934 p.
957 860 1063 931 1023).

229 966 438 1041 Fragmentum
450 982 529 1021 sero.
552 964 630 1037 quod
643 963 814 1022 inscribitur
836 958 914 1037 περὶ
934 952 1215 1042 ἐσχηματισμένοι·
1238 975 1320 1036 προ-
1362 1040 1365 1049 Ι

141 1060 324 1150 digitium,
347 1067 373 1124 ei
395 1065 488 1135 libro,
510 1084 595 1139 quem
616 1066 654 1123 ab
675 1067 785 1141 Apsine
807 1066 948 1140 scriptum
969 1083 1030 1123 csse
1051 1060 1128 1141 περὶ
1150 1054 1321 1142 ἑρμηνείας

143 1170 262 1239 minimi,
284 1169 513 1228 adiudicandum
535 1174 589 1242 cst,
610 1187 680 1227 nam
701 1170 732 1227 in
753 1169 916 1227 elocutione
937 1186 954 1225 a
976 1166 1125 1225 nonnullis
1138 1183 1234 1243 genus
1246 1164 1321 1241 tigu-

143 1280 241 1333 ratum
262 1266 529 1341 numerabatur.³'')

228 1374 458 1434 Commentarios
479 1373 614 1449 deinceps
630 1373 661 1431 in
673 1374 897 1433 Demosthenem
910 1374 1061 1450 reliquisse
1072 1374 1213 1449 Apsinem
1227 1372 1322 1432 refert

145 1474 332 1554 1111011031)
354 1478 403 1538 ad.
426 1477 510 1551 Lept.
534 1496 563 1550 p.
586 1479 659 1537 458.
684 1480 738 1547 10,
771 1479 849 1536 Max.
873 1478 957 1536 Plan.
988 1479 1076 1540 schol.
1106 1479 1145 1535 ad
1176 1477 1321 1552 Hermog.
1365 1532 1369 1545 ,

144 1576 185 1641 id.
209 1582 266 1641 rol.
291 1581 326 1638 l'.
348 1600 377 1655 p.
402 1584 463 1641 517
486 1573 625 1650 Walzst‘ij
663 1577 716 1636 cui
738 1580 781 1637 rei
795 1582 945 1654 praeclare
955 1580 1092 1656 congruit
1102 1597 1212 1657 magne
1222 1596 1322 1637 exem-

143 1682 267 1759 plorum,
291 1699 365 1756 cquae
377 1700 411 1739 ex
424 1682 626 1741 Demosthenis
643 1683 825 1742 orationibus
838 1688 1002 1743 sumuntur.
1025 1683 1116 1757 copia.
1135 1715 1174 1723 -
1185 1680 1322 1739 Eundem

143 1786 288 1843 orationes
316 1785 400 1843 fictas
428 1785 475 1843 vel
495 1778 673 1862 petteagfl)
694 1786 742 1843 rel
763 1779 923 1868 ζητήματα
955 1784 1148 1860 composuisse
1176 1783 1324 1841 concludo

142 1907 177 1947 ex
205 1888 276 1947 locis
304 1888 383 1945 velut
405 1888 477 1961 Aps.
498 1907 527 1962 p.
550 1891 612 1948 358
636 1888 779 1964 Spengel:
811 1881 852 1956 ὥς
875 1881 936 1969 ἔφη
960 1883 1095 1969 Ἀψίνης
1116 1877 1152 1946 ἓν
1172 1886 1218 1966 τῷ
1240 1880 1323 1945 κατὰ

144 1986 285 2050 Μειδίου
305 1987 510 2070 γεγενῆσθαι,
541 1982 766 2077 ἐπειδήπερ
787 1983 958 2068 ἔμελλεν
980 1983 1104 2050 αὐτὸν
1125 1979 1323 2065 ἐγκωμια-

146 2107 245 2153 σειν.
290 2092 440 2150 Nimirum
461 2092 587 2167 Apsines
616 2112 681 2152 cum
708 2093 949 2152 commentarium
975 2094 1007 2151 in
1030 2091 1234 2151 Demosthenis
1257 2109 1323 2151 ora·

145 2194 255 2252 1101011
265 2194 424 2253 liidiauam
435 2195 560 2266 fecisset,
583 2200 690 2270 partes,
707 2200 742 2255 ut
755 2195 799 2254 ite
810 2195 916 2266 dicam,
933 2195 1043 2254 Midiae
1055 2195 1086 2252 in
1096 2193 1323 2253 Demosthenem

144 2298 270 2373 suscepit
283 2314 407 2372 eumque
423 2298 460 2356 ab
476 2298 555 2357 illius
570 2298 740 2358 criminibus
751 2298 891 2369 defendit,
914 2297 945 2356 id
957 2297 1036 2373 quod
1050 2313 1119 2355 saue
1130 2295 1322 2355 tritissimum

144 2404 208 2458 crat
229 2398 259 2456 in
279 2398 384 2457 scholis
406 2396 618 2476 rhetoricis.⁴²)
648 2403 729 2460 idem
750 2401 812 2459 fere
833 2401 1020 2459 statuendum
1042 2403 1086 2459 est
1108 2400 1143 2457 de
1163 2398 1246 2467 locis,
1271 2397 1323 2474 qui

145 2502 263 2577 quidem
275 2500 345 2560 item
356 2502 450 2561 utillo
467 2523 497 2578 p.
511 2506 580 2564 358.
595 2506 632 2563 15
648 2503 816 2579 interpositi
826 2506 903 2573 srmt,
920 2503 1123 2577 velutp.354.
1137 2504 1174 2559 15
1191 2482 1265 2558 οἷον
1283 2493 1323 2568 οἷς

145 2594 180 2665 ἐν
202 2604 247 2683 τῷ
258 2594 406 2683 Ἕρμωνι
423 2602 568 2688 Ἀψίνης,
592 2609 664 2667 356.
685 2610 701 2667 7
725 2599 765 2674 οἷς
786 2596 822 2666 ἐν
843 2606 887 2685 τῷ
908 2596 1092 2684 Λυσάνδρῳ
1112 2598 1257 2684 Ἀψίνης.
1281 2636 1323 2647 -

231 2706 386 2783 lteliquum
416 2711 476 2785 est,
509 2711 544 2767 ut
566 2709 601 2766 de
624 2709 718 2783 capite
746 2705 824 2789 περὶ
853 2697 984 2776 πάθους
1014 2708 1083 2783 quid
1112 2705 1321 2778 existimomus,

144 2808 245 2883 [mucis
267 2827 462 2885 exsequemur.
495 2812 539 2869 Ae
556 2810 666 2871 Bakius
688 2812 806 2886 quidem
829 2811 916 2886 (prol.
928 2830 956 2885 p.
972 2812 1023 2884 lo)
1044 2810 1088 2868 ita
1109 2810 1208 2867 docet:
1235 2809 1321 2882 »(Ou·

145 2916 199 2985 put
220 2908 297 2991 περὶ
318 2904 459 2987 πάθους)
480 2931 533 2992 ego
555 2914 667 2972 codices
688 2917 803 2974 secutus
814 2914 919 2989 Apsini
940 2912 1051 2972 subieci
1071 2929 1124 2970 nec
1145 2915 1244 2970 tamen
1257 2911 1320 2987 Ap-

72 3006 83 3061 ·¹
144 3012 216 3071 sinis
230 3030 290 3073 csse
305 3032 475 3088 persuasum
486 3016 588 3076 habeo.
624 3016 755 3075 Primum
770 3018 864 3092 ipsum
878 3018 1084 3093 argumentum
1095 3014 1222 3090 quodum
1232 3014 1321 3073 modo

146 3115 240 3190 recipite
260 3113 338 3193 περὶ
360 3107 449 3176 ἐλέου
480 3119 646 3179 continetur
675 3123 704 3180 et
729 3121 892 3198 iunguntur
913 3137 973 3177 una
994 3117 1171 3194 cogitatione
1191 3108 1230 3174 τὰ
1251 3106 1319 3175 ἕλε·

146 3213 381 3294 οονολογεῖσθαο
398 3224 427 3279 01
441 3214 479 3279 td
500 3211 595 3302 πάθη
610 3224 711 3283 κινεῖν
734 3222 765 3280 iu
777 3223 906 3300 epilogo:
930 3209 1320 3296 Hermog.2ede.vol.111.
1364 3292 1367 3297 Ι

146 3343 174 3397 p.
199 3326 248 3383 ee.
275 3326 322 3384 10.
346 3323 444 3383 soor.
468 3314 635 3392 001100.
659 3324 1186 3401 001100411140141010,
1230 3322 1324 3381 Porro
1362 3304 1369 3319 ·’

147 3429 176 3485 01
197 3432 410 3505 argumentum,
441 3419 569 3497 πάθους
589 3428 706 3486 nomine
728 3428 752 3485 si
773 3427 929 3497 indicatur,
959 3428 988 3483 et
1009 3443 1099 3500 genus
1120 3422 1322 3499 praecipiendi
1343 3410 1369 3503 ..ξ’

146 3528 265 3589 minime
279 3532 414 3591 convenit
431 3531 628 3607 praeceptioni
649 3526 725 3612 περὶ
746 3531 853 3611 μερῶν
875 3527 933 3589 τοῦ
955 3523 1124 3587 πολιτικοῦ
1140 3518 1247 3603 λόγου,
1270 3528 1326 3587 sed

146 3628 241 3714 τέχνῃ
262 3630 340 3713 περὶ
363 3628 456 3695 ἰδεῶν
478 3666 520 3679 -
541 3653 594 3693 neo
615 3638 712 3694 tamen
724 3633 850 3709 Longini
863 3651 922 3693 esse
934 3636 1034 3706 puto«
1070 3631 1147 3689 Sane
1162 3631 1323 3691 dolendum
1367 3664 1369 3675 =

147 3737 199 3803 001,
222 3735 245 3793 si
268 3736 322 3794 hoc
344 3739 551 3814 argumentum
572 3738 687 3797 auctori
708 3737 808 3814 ignoto
837 3735 1063 3793 adiudicandum
1094 3736 1147 3792 est.
1191 3733 1236 3793 At
1263 3753 1325 3795 non
1358 3762 1369 3801 .·,

149 3854 246 3896 verum
270 3838 389 3899 sensisse
411 3840 526 3899 videtur
546 3844 650 3901 acutus
672 3842 721 3900 ille
742 3841 797 3901 vir.
833 3842 966 3914 Namque
985 3830 1163 3912 quamquam
1175 3854 1236 3895 101
1247 3856 1324 3916 nego

147 3940 201 3999 hoc
223 3932 353 4011 πάθους
374 3946 579 4021 argumentum
601 3944 787 4003 referendum
809 3961 868 4001 esse
897 3942 934 3998 ad
961 3939 1191 4014 perorationem,
1222 3942 1326 4001 tamen
1362 3926 1365 3931 ¹

147 4060 203 4098 1011
227 4041 363 4117 intellego
386 4044 417 4102 id
439 4048 527 4119 caput
548 4047 667 4121 Apsiuis
689 4066 747 4104 101
776 4064 844 4104 esse.
889 4043 1008 4102 Etenim
1038 4043 1070 4100 in
1100 4041 1209 4119 epilogi
1240 4048 1327 4119 parte
1350 4098 1369 4113 ,.

149 4143 239 4217 ipsum
264 4146 400 4205 0110011111
421 4166 479 4204 101
501 4150 614 4206 tractat
635 4149 759 4222 Apsines
788 4151 956 4223 propterea,
991 4146 1069 4220 quod
1096 4145 1209 4220 profert
1239 4166 1329 4221 prue-

149 4248 241 4319 coptu,
265 4247 514 4321 ‹qrrrtcudlrilrondu
527 4254 595 4307 suut
613 4250 644 4307 in
657 4268 762 4327 genere
784 4249 924 4318 iudiciali,
948 4249 984 4306 cf.
1007 4267 1035 4323 p.
1061 4250 1130 4307 384.
1156 4251 1211 4309 20:
1245 4245 1328 4331 λέγω
