3000 5108
753 658 904 752 „28—

270 849 301 922 6)
335 847 428 906 Codex
450 846 626 905 Bodleianus
647 863 702 906 seo.
726 845 790 904 XV.
812 847 885 908 Bak.
908 846 980 920 prol.
1004 864 1032 918 p.
1055 847 1105 904 40.

270 952 300 1024 7)
334 949 429 1009 Codex
461 948 691 1007 vindobonensis
722 965 776 1007 seo.
809 947 873 1006 XV.
905 949 977 1008 Bak.
1008 948 1081 1022 prol.
1114 966 1142 1021 p.
1165 949 1215 1010 40.
1247 947 1283 1004 of.
1317 947 1412 1008 Walz.

372 1051 446 1125 prol.
469 1070 497 1125 p.
520 1052 554 1112 X.

269 1154 299 1227 8)
332 1152 427 1211 Codex
448 1153 522 1212 Cant
523 1151 695 1228 abrigionsis
716 1170 770 1211 seo.
793 1153 857 1211 XV.
880 1153 952 1213 Bak.
976 1153 1050 1226 prol.
1073 1156 1123 1214 40

268 1256 299 1328 9)
332 1255 426 1314 Codex
448 1255 640 1314 Famesianus
660 1272 715 1313 seo.
734 1254 798 1315 XV.
821 1255 952 1312 nondum
973 1254 1103 1324 collatis,
1128 1255 1220 1314 Walz.
1234 1256 1308 1330 prol
1320 1274 1348 1330 p.
1359 1256 1412 1315 XI.
1489 1270 1492 1275 ·

250 1357 298 1430 10)
331 1356 427 1416 Codex
447 1357 593 1416 Medioeus
615 1374 671 1418 see.
693 1357 757 1419 XV
780 1357 854 1415 Bak.
877 1355 951 1429 prol.
973 1375 1002 1430 p.
1026 1359 1075 1416 30.

249 1458 299 1529 ll)
329 1458 425 1517 Codex
447 1458 601 1518 Gudianus
621 1460 669 1518 vel
690 1458 964 1535 Guelphorbytanus
985 1476 1039 1517 seo
1062 1459 1127 1517 XV
1130 1479 1246 1535 ,quem
1267 1463 1334 1536 post
1354 1461 1414 1520 Βε-

372 1560 454 1618 kium
475 1561 549 1635 prol.
572 1581 600 1636 p
623 1561 693 1621 41
685 1580 745 1637 ipse
767 1561 892 1631 oontuli,
925 1565 986 1620 tam
1008 1560 1093 1635 parvi
1121 1564 1164 1621 est
1189 1562 1343 1635 momenti,
1377 1567 1416 1623 ut

372 1679 430 1720 non
452 1661 499 1732 sit,
527 1680 587 1731 eur,
619 1681 692 1738 quae
713 1664 822 1723 Bakius
841 1663 872 1720 in
894 1663 1046 1722 enotandis
1068 1663 1127 1723 eius
1148 1664 1321 1725 lectionibus
1341 1683 1414 1744 neg·

373 1764 452 1835 lenit,
476 1781 529 1842 ego
551 1765 738 1843 perscribam.

333 1920 408 1977 ane
429 1917 520 1995 igitur
542 1917 661 1992 Apsinis
682 1919 809 1989 oodioes,
843 1939 913 1994 quos
944 1919 1061 1994 quidem
1089 1921 1151 1992 his,
1185 1940 1258 1996 quaa
1287 1925 1416 1994 exstant,

249 2021 422 2081 editionibus
444 2020 491 2079 vel
504 2019 615 2079 nuntiis
629 2021 746 2079 aliunde
763 2021 860 2080 allatis
878 2022 1036 2096 comperire
1049 2022 1132 2081 uobis
1148 2022 1264 2082 lioobat.
1287 2025 1416 2083 Verum·
1437 2074 1441 2081 .

250 2128 357 2193 tamen,
381 2123 522 2197 quantum
544 2121 665 2197 quisque
688 2140 787 2180 eorum
808 2124 846 2181 ad
868 2125 1029 2182 orationem
1050 2123 1285 2182 constituendam
1305 2125 1415 2199 valeat,

248 2228 272 2286 si
293 2245 369 2284 nuno
391 2242 532 2301 quaerere
546 2225 688 2296 volumus,
711 2243 809 2284 omnes
830 2225 861 2283 hi
883 2226 994 2285 codices
1015 2226 1047 2284 in
1062 2226 1165 2285 olassos
1184 2226 1418 2288 dividendisimt

249 2331 328 2403 duas,
352 2347 478 2406 quarum
498 2328 620 2387 alteram
641 2327 675 2397 is,
698 2345 786 2402 quem
807 2343 894 2403 supra
915 2328 1065 2404 designavi
1079 2328 1244 2388 Parisinum
1266 2329 1303 2401 A,
1326 2331 1417 2389 oodex

248 2432 461 2506 repraesentat,
493 2431 524 2490 in
554 2431 647 2489 altera
676 2431 773 2488 autem
803 2429 908 2505 reliqui
936 2449 1033 2490 omnes
1062 2434 1099 2490 ad
1127 2453 1216 2492 unum
1243 2434 1417 2492 numerandi
1486 2430 1489 2435 ’

249 2537 327 2594 sunt.
372 2535 436 2593 Hoo
458 2535 572 2604 autem,
605 2532 684 2607 quod
705 2531 790 2589 modo
811 2527 920 2603 statui,
956 2538 1033 2593 roote
1055 2554 1084 2593 se
1105 2535 1228 2607 habero,
1262 2554 1417 2612 cognoscas

248 2637 376 2711 primum
398 2654 431 2694 ex
451 2635 608 2694 lectionum
630 2634 782 2705 varietate,
806 2653 894 2711 quam
907 2637 1015 2698 Par.A
1036 2641 1152 2714 praeter
1173 2642 1282 2705 eeteros
1303 2637 1416 2697 oodioes

250 2744 279 2798 et
300 2739 456 2797 editionem
478 2735 617 2794 Aldinam
638 2735 766 2811 praebet.

452 2875 519 2934 Par.
542 2873 569 2930 A
949 2877 1010 2935 rell.
1034 2876 1117 2937 oodd.
1141 2879 1170 2934 at
1192 2877 1237 2938 od.
1260 2861 1330 2936 nid.

249 3014 277 3069 p.
290 2995 360 3054 331.
375 2994 413 3052 19
437 2991 487 3066 Sp.
508 2991 571 3049 τῶν
597 2983 754 3069 ὁμογενῶν

293 3099 362 3157 332.
400 3097 426 3155 1.
448 3092 645 3171 προσέσχετε

398 3202 426 3261 6.
449 3193 568 3279 δρῶσαι
578 3188 637 3278 τήν
649 3188 792 3276 Ἀττικήν

879 2996 943 3055 τῶν
966 2990 1161 3076 ὁμοιομερῶν
1250 2998 1278 3056 2.
1312 2995 1416 3057 1Bak.

879 3097 1055 3176 προσέχετε
1095 3138 1098 3145 -
1251 3101 1279 3159 2.
1312 3101 1330 3156 9
1377 3119 1392 3150 ›

880 3198 999 3284 δρῶσαι
1019 3198 1072 3262 καὶ
1088 3194 1146 3284 τήν
1161 3197 1228 3261 Ἀτ-

922 3296 1013 3387 τικήν
1249 3306 1330 3364 214
1377 3327 1391 3357 »

880 3411 923 3490 τῷ
938 3407 1157 3491 προειρημένῳ
1169 3406 1225 3467 de·

923 3501 1062 3590 ωρήμοιτι
1251 3514 1278 3571 3.
1315 3512 1330 3570 1
1378 3533 1392 3562 »

881 3606 968 3673 ἔστιν
991 3605 1095 3673 εἰπεῖν
1251 3615 1279 3672 8.
1313 3615 1332 3672 4
1379 3635 1393 3665 »

883 3714 1087 3778 ἀντιπίπτειν
1108 3714 1217 3775 τοίνυν
1251 3716 1279 3773 8.
1315 3715 1331 3774 7
1379 3737 1393 3766 ε

378 3426 427 3485 21.
449 3421 512 3482 τῶν
549 3417 786 3502 προειρημένων

453 3514 668 3606 θεωρημάτων

293 3629 426 3690 336.19.
450 3617 538 3686 ἐστὶν
561 3618 667 3706 εὑρεῖν

379 3735 429 3793 22.
449 3726 797 3790 ἄντιπίπτοντατοίνυν

295 3837 366 3897 337.
399 3840 428 3895 2.
451 3832 533 3914 πέρα
554 3835 609 3916 τῆς
630 3827 751 3912 ἡλικίας

382 3939 430 3997 11.
455 3930 547 4004 ὄντας
568 3927 728 4016 πρότερον

382 4043 428 4099 12.
452 4036 627 4118 προοίμιον
649 4034 799 4097 α’ντιπῖπ-

454 4160 512 4200 τον

384 4247 431 4306 18.
455 4237 592 4325 παρῄνει

881 3812 1190 3903 interpotando
1253 3818 1280 3874 8.
1292 3817 1331 3874 20
1378 3838 1393 3869 ι

882 3915 1041 4004 πρότερον
1065 3915 1157 3987 ὄντας
1250 3923 1281 3981 9.
1316 3918 1334 3976 6
1380 3940 1395 3971 ›

882 4016 1093 4107 προοιμιοιὶὀν
1145 4017 1229 4082 ἄντι-

926 4131 1048 4189 πῖπτον
1251 4127 1280 4185 9.
1315 4125 1332 4184 7
1379 4146 1394 4177 ›

884 4234 1048 4313 παραινεῖς
1252 4230 1280 4287 9.
1294 4228 1330 4286 13
1381 4248 1394 4276 ν

381 4353 429 4410 20.
454 4343 494 4415 οἱς
523 4341 542 4405 o‘
573 4336 799 4424 συμβουλεύων
885 4330 1129 4416 οἳςόπαραινῶν
1143 4332 1231 4412 βασι-

456 4446 596 4510 ateana
617 4442 746 4529 βασιλεῖ

298 4561 368 4620 338.
400 4561 429 4618 9.
452 4544 662 4635 συμβουλεύει
695 4548 801 4632 Δημο·

924 4435 978 4500 tu
995 4434 1133 4497 πλεῦσαι
1253 4436 1283 4493 9.
1297 4431 1333 4491 15
1381 4452 1395 4483 ι

883 4535 997 4624 γράφει
1024 4533 1232 4624 ὅΔημοσθέ-
