3000 5108
674 473 825 568 *23-

167 669 254 735 eaput
275 663 361 719 antea
382 660 539 720 ostendisse
560 661 711 719 videatur:
735 660 831 731 verba,
856 679 929 736 quae
951 683 979 737 p.
1004 667 1073 724 380.
1088 666 1332 740 10—16seripea

82 764 94 787 ·'
166 765 234 822 sunt
255 781 384 837 quaeque
405 763 443 819 ad
465 763 650 836 enthymema
671 782 730 822 non
750 762 911 837 pertinent,
941 765 996 822 hue
1026 767 1244 841 transponenda
1275 786 1334 826 esse

84 910 87 915 .
166 883 278 924 oenseo:
302 859 396 923 ἔλθοι
412 859 440 923 δ’
455 858 494 922 δν
513 862 566 923 καὶ
588 856 633 932 είς
655 854 843 946 ἐπιχείρημα
867 856 884 921 ό
905 858 1004 935 τόπος
1027 862 1062 948 [ἢ
1083 865 1334 949 παραβολικῶς];

91 976 96 987 ·
164 968 219 1027 hoo
239 968 302 1025 loeo
324 968 428 1025 laeum
448 971 544 1041 patet,
576 967 607 1024 in
629 986 687 1042 qua
708 962 746 1027 τό
766 959 964 1046 παράδειγμα
987 969 1080 1027 dividi
1101 970 1132 1028 in
1155 972 1211 1030 duo
1235 973 1332 1047 eapite

166 1070 279 1129 dietum
300 1072 380 1140 erat;
413 1070 517 1127 deinde
539 1071 736 1131 subiciuntur:
775 1058 857 1140 εἶδος
880 1061 1121 1153 ἐπιχειρήματος
1143 1073 1210 1150 (leg.
1234 1093 1335 1155 παρα-

164 1168 337 1249 δείγματος)
360 1168 412 1232 καδ
431 1165 452 1253 η
472 1165 639 1252 παραβολή
663 1174 860 1248 [inserendum
875 1176 919 1232 est
939 1165 978 1240 ολς
994 1163 1046 1231 ἐπ’
1058 1165 1205 1248 ἕκείνου]·
1222 1168 1334 1259 ὥσπερ

91 1322 94 1329 .
162 1275 227 1334 τῶν
250 1264 284 1333 ἒν
306 1277 373 1344 ταῖς
393 1272 509 1335 ναυσὶν
531 1266 771 1357 ἁμαρτημάτων,
794 1270 815 1334 οἳ
838 1274 1005 1356 συμβαίνει
1026 1272 1103 1354 περὶ
1124 1271 1197 1347 τους
1218 1275 1329 1355 πλοῦς,

163 1372 241 1440 ὅταν
256 1372 315 1456 μὲν
337 1376 400 1438 τῶν
421 1377 545 1438 ναυτῶν
567 1371 690 1461 ἁμόρτη
704 1397 760 1455 τις,
781 1380 931 1459 βραχεῖαν
953 1370 1011 1458 την
1027 1372 1149 1462 βλάβην
1166 1373 1329 1464 εποίησεν,

110 1564 113 1569 Ι
163 1472 295 1543 ἐπειδοῖν
318 1476 354 1542 δὲ
376 1475 394 1540 ό
415 1473 606 1562 κυβερνήτης
628 1477 745 1562 σφαλῇ,
769 1473 880 1563 κοινηυ
898 1474 957 1562 την
973 1477 1106 1556 α’τυχίαν
1121 1480 1174 1543 καὶ
1194 1478 1332 1566 μεγάλην

162 1586 230 1653 τοῖς
252 1579 470 1662 συμπλέουσιν
499 1579 637 1663 ἤνεγκεν.
681 1587 757 1644 'lum
788 1583 972 1661 adiungenda
1003 1603 1063 1644 esse
1091 1589 1164 1660 puto
1192 1588 1281 1647 verba
1303 1609 1331 1663 p.

164 1691 235 1751 372.
250 1691 289 1748 29
311 1681 478 1771 παραβολή
500 1680 535 1747 δὲ
551 1685 802 1769 παραδείγματος
815 1678 917 1768 τοότφ
927 1683 1070 1768 διαφέρει
1080 1685 1146 1751 κτλ.
1177 1691 1333 1750 Ituautem

161 1810 182 1851 a
203 1791 368 1851 rhetoribus
397 1791 516 1865 Apsinis
544 1790 727 1865 potissimum
755 1791 925 1866 aequalibus
957 1790 1082 1849 divisum
1111 1810 1170 1850 esse
1200 1792 1332 1870 intellegi

160 1898 258 1971 potest
279 1914 313 1954 ex
334 1894 495 1955 Minuciani
515 1893 629 1965 libello,
662 1894 712 1970 qui
733 1896 777 1953 est
797 1890 875 1972 περὶ
896 1885 1150 1975 ἐπιχειρημάτων
1172 1896 1230 1956 vol.
1254 1897 1277 1955 Ι.
1300 1916 1328 1970 p.

162 2000 236 2059 418.
261 1999 299 2057 28
320 1998 459 2074 Spengel:
492 1997 551 2056 τοῦ
570 1992 858 2076 παραδειγματικοῦ
879 1987 981 2064 εἴδους
1002 1988 1068 2055 εἰσὶ
1089 1992 1142 2055 καὶ
1164 1987 1198 2053 αἱ
1219 1988 1331 2055 καλού-

86 2122 93 2129 ··
159 2116 256 2179 μεναι
277 2095 458 2179 παραβολαὶ
473 2095 527 2158 καὶ
548 2091 582 2157 αἱ
603 2091 732 2167 είκόνες·
756 2095 943 2177 διαφέρουσι
964 2090 1000 2158 δὲ
1021 2091 1055 2157 αι’
1076 2092 1136 2176 μὲν
1153 2094 1333 2179 παραβολαὶ

160 2204 227 2265 τῶν
248 2194 526 2283 παραδειγμάτων,
556 2195 606 2260 ὅτι
636 2195 675 2260 ed
695 2194 754 2279 μὲν
777 2198 1014 2280 παραδείγματα
1036 2193 1071 2272 ἐξ
1094 2195 1236 2282 ἱστορίας
1256 2198 1330 2281 λαμ·

160 2297 300 2385 βόνεται,
323 2299 357 2365 αῖ
377 2299 557 2387 παραβολαλ
573 2297 609 2365 δὲ
625 2299 702 2364 ἄνευ
720 2296 861 2383 ἱστορίας
875 2301 929 2365 καὶ
942 2299 1096 2388 αόρίστως
1111 2298 1146 2366 ἐκ
1159 2307 1222 2367 τῶν
1233 2324 1332 2383 γιγνο-

160 2407 275 2487 μένων.
320 2408 403 2478 Quod
430 2427 497 2467 vero
525 2399 633 2468 εἰκόνα
654 2401 714 2489 την
737 2400 838 2489 αὐτην
861 2394 942 2466 εἶναι
974 2408 1012 2489 τῇ
1040 2405 1206 2491 παραβολῇ
1235 2410 1332 2469 Minu-

162 2513 261 2573 eianus
281 2511 387 2582 uadit,
418 2511 542 2586 Apsines
564 2511 638 2571 tales
660 2529 705 2569 res
726 2510 852 2570 minutas
874 2528 891 2568 a
912 2528 978 2582 sua,
1002 2531 1059 2587 qua
1080 2511 1192 2584 utitur,
1220 2511 1333 2570 ratione

161 2616 270 2676 alienas
291 2616 415 2679 omittit.
657 2608 661 2615 ’

247 2719 359 2778 Deinde
374 2719 504 2794 sequitur
522 2720 610 2792 eaput
631 2711 708 2797 περὶ
729 2716 784 2797 τῆς
805 2715 867 2776 τῶν
890 2711 1020 2776 τελικών
1036 2713 1217 2795 κεφαλαίων
1240 2736 1331 2776 κατα-

162 2820 286 2903 σκευης,
309 2821 390 2880 euius
410 2820 442 2879 in
464 2820 549 2879 initio
570 2819 643 2880 nihil
665 2839 695 2878 se
717 2820 866 2878 dicturum
889 2838 947 2878 esse
969 2820 1123 2895 profitetur
1145 2822 1181 2879 de
1197 2822 1331 2893 statibus,

91 2944 96 2949 ·
162 2924 269 3001 quippe
292 2923 341 2997 qui
362 2922 419 2980 iarn
442 2923 479 2981 ab
501 2921 566 2981 aliis
596 2923 790 2999 (Hermogene
799 2924 825 2997 l)
853 2922 923 2981 satis
945 2904 1068 2983 ffb'fftati
1090 2928 1201 2996 osseut3
1224 2924 1332 2983 instru-

162 3028 262 3085 menta
283 3027 368 3085 modo
390 3022 453 3085 τῶν
474 3018 652 3102 κεφαλαίων
675 3044 704 3084 se
726 3028 935 3084 exsecuturum.
978 3026 1053 3082 Tum
1076 3026 1258 3086 subiciuntur
1280 3022 1334 3086 καὶ

162 3121 293 3210 πρῶτόν
311 3145 345 3205 γε
366 3124 441 3210 περὶ
462 3130 526 3188 τῶν
548 3122 678 3187 τελικῶν
702 3121 851 3206 εἴπωμεν.
890 3128 1013 3186 Frustra
1034 3131 1131 3186 autem
1154 3148 1275 3205 quaeras
1296 3123 1333 3188 τό

162 3225 325 3312 δεύτερον.
360 3234 423 3292 Iam
443 3232 566 3306 Apsines
588 3248 638 3289 suo
661 3249 779 3289 munere
795 3230 839 3289 ita
859 3248 927 3288 usus
949 3232 1003 3303 ost,
1026 3232 1062 3288 ut
1083 3231 1210 3304 primum
1233 3231 1264 3288 in
1286 3250 1333 3289 ea-

161 3336 225 3413 pite
254 3336 316 3395 τῶν
338 3330 534 3395 οίντιδίσεων
568 3337 598 3392 et
619 3332 867 3392 eonfirmationom
898 3336 928 3391 et
957 3333 1163 3392 refutationem
1185 3335 1333 3408 preposite

162 3439 307 3499 divisione
329 3437 583 3497 confirmationum
606 3437 807 3513 coniungerem
830 3454 898 3493 nam
920 3438 949 3494 et
971 3442 1085 3511 partem
1108 3438 1265 3497 defensoris
1286 3440 1333 3496 to·

162 3548 228 3605 tam
249 3544 373 3618 positam
396 3561 455 3601 esse
477 3541 508 3598 in
529 3540 704 3599 refutatione
726 3543 755 3598 et
778 3557 850 3614 quae
873 3538 952 3598 dieta
974 3545 1044 3601 sunt
1066 3543 1251 3617 undivomo,
1286 3544 1333 3600 de-

163 3648 235 3707 bere
255 3645 401 3718 utrimque
423 3644 542 3703 dissolvi
564 3644 649 3701 docet
669 3645 747 3701 reete
770 3641 965 3711 Quintilianus
995 3644 1044 3718 (V.
1070 3645 1117 3705 13.
1142 3648 1180 3721 1).
1225 3644 1334 3714 Quibus

162 3747 370 3809 demonstratis
391 3746 498 3806 transit
519 3747 618 3805 rhetor
640 3746 677 3803 ad
699 3744 884 3821 probationes
905 3744 1082 3817 a1tifieiales,
1106 3765 1179 3821 quae
1199 3751 1335 3807 constent

160 3851 345 3929 argumentis
367 3854 396 3910 et
413 3849 559 3924 exemplis,
582 3850 745 3925 quibusque
757 3848 975 3926 subiunguntur
996 3842 1035 3908 τοὶ
1048 3844 1156 3909 τελικοῖ
1168 3844 1334 3929 κεφάλαια.

161 3958 222 4017 His
243 3960 340 4015 autom
361 3955 545 4031 perlustratis
567 3954 763 4027 exspeetaros,
794 3952 964 4027 scriptorem
988 3952 1136 4012 dicturum
1164 3974 1223 4015 esse
1245 3956 1333 4014 etiam

161 4060 201 4119 de
223 4058 442 4133 probationibus
471 4076 530 4115 non
556 4055 773 4126 artificialibus3
812 4058 889 4114 uerte
917 4056 1033 4131 quidem
1058 4057 1183 4133 legimus
1210 4078 1238 4132 p.
1263 4059 1333 4118 384.

162 4164 270 4225 4-11
292 4161 433 4235 nonnihil,
463 4162 540 4236 quod
563 4159 600 4217 ael
621 4176 668 4216 eas
689 4157 843 4231 pertineat.
889 4157 944 4215 Sed
967 4178 1032 4217 eum
1053 4159 1239 4235 probationes
1260 4162 1333 4219 arti·

162 4265 274 4325 fieiules
294 4268 357 4324 tam
378 4265 463 4339 plane
484 4267 601 4339 tamquo
624 4262 750 4320 dilucide
772 4280 806 4319 ae
820 4258 931 4335 eopiose
953 4260 1002 4317 ille
1017 4261 1252 4335 pertractarent,
1275 4283 1334 4323 non

160 4373 209 4429 est
230 4366 395 4441 uerisimile,
416 4367 469 4425 has
489 4365 695 4438 inartifioiales‚
717 4365 748 4423 in
766 4364 869 4441 quibus
890 4364 1029 4423 maiorem
1050 4365 1111 4425 uim
1132 4366 1224 4425 inesse
1245 4384 1332 4446 quam
