3000 5108
738 639 776 697 35

171 836 242 888 quoe
259 820 299 873 ibi
317 822 352 875 de
369 819 540 875 orationibus
559 821 643 875 sacris
659 819 880 890 praecipiuntur,
904 834 937 873 ex
961 818 1019 872 eius
1042 818 1214 875 orationibus
1229 821 1348 890 Apsines

172 908 332 974 sumpserat.
366 906 443 960 Idem
467 905 627 960 concludere
644 906 710 963 licet
728 907 762 960 de
779 904 891 975 Apsinis
914 904 981 959 locis
998 922 1025 974 p.
1044 905 1105 958 884.
1122 904 1167 958 22:
1198 898 1241 959 οἷα
1262 905 1346 959 πολλαὶ

170 991 245 1060 παρα
262 991 428 1059 Ἀριστείδῃ,
446 1009 473 1060 p.
491 991 591 1044 352,1;
610 992 645 1049 ὥς
663 987 693 1043 ἐν
707 992 744 1057 τῷ
763 988 912 1059 Ἰσοκράτει
929 990 1107 1059 Ἀριστείδου.
1134 989 1193 1045 Hoc
1208 990 1293 1045 etiam
1311 992 1347 1045 ab

170 1075 321 1129 Menandro
347 1076 410 1143 περὶ
436 1075 626 1128 ἐπιδεικτικῶν
648 1076 752 1130 factum
778 1092 835 1130 esse
858 1075 927 1130 bene
953 1076 1121 1131 demonstrat
1145 1078 1304 1146 Baumgart.
1327 1079 1346 1133 1.

171 1177 193 1214 c.
211 1179 238 1228 p.
255 1161 296 1213 42.

240 1244 284 1313 25)
301 1245 431 1302 Philostr.
450 1265 475 1300 v.
493 1264 513 1300 s.
531 1246 550 1299 l.
569 1245 604 1300 11.
625 1263 647 1302 o.
660 1247 707 1302 26.

240 1330 285 1400 ss)
302 1314 527 1399 wenemarus
545 1331 586 1386 96.
605 1331 629 1386 a.

240 1415 284 1483 27)
302 1415 334 1469 cf.
355 1416 446 1484 Kayer
463 1416 534 1470 Prol.
553 1417 585 1472 V.
604 1419 630 1472 S.
647 1435 674 1485 p.
694 1416 727 1470 33
745 1416 780 1485 (a.
801 1416 884 1485 1838).

239 1500 282 1569 28)
300 1500 409 1554 Walch.
427 1501 576 1556 comment.
601 1502 635 1556 de
661 1502 736 1570 publ.
760 1502 822 1558 hon.
845 1519 872 1571 p.
891 1501 924 1555 38
942 1518 995 1570 sq.;
1024 1501 1223 1557 Westermann.
1242 1501 1345 1560 Oomm.

171 1586 205 1640 de
222 1586 298 1654 publ.
319 1587 419 1641 Athen.
440 1587 503 1641 hon.
522 1603 555 1641 ac
572 1602 674 1655 praem.

237 1672 282 1742 29)
300 1672 385 1725 Recte
402 1672 550 1740 legendum
566 1672 649 1740 putat
667 1670 789 1724 Walzius
806 1669 947 1729 Καικίλιος.

238 1757 282 1826 30)
300 1756 426 1810 Fortasse
444 1755 562 1827 ῥηθῶσι.

238 1842 282 1911 31)
298 1841 365 1895 Inde
383 1841 514 1908 sequitur,
533 1841 651 1894 Bakium
669 1871 701 1880 -
720 1840 831 1909 Apsinis
850 1843 878 1895 et
895 1841 1013 1910 Longini
1032 1842 1189 1898 Rhetorica.
1215 1843 1263 1898 Ox.
1279 1843 1345 1898 1849

168 1926 238 1995 prol.
256 1944 283 1994 p.
302 1928 318 1980 9
337 1956 383 1990 —‚
411 1926 459 1994 qui
482 1926 561 1979 illum
585 1926 749 1981 scholiorum
772 1926 862 1981 locum
886 1926 1058 1981 referendum
1075 1930 1111 1982 ad
1128 1930 1240 2000 Apsinis
1258 1933 1343 1999 caput

167 2011 232 2079 περὶ
249 2009 472 2079 παραδείγματος
490 2012 680 2076 contenderet,
703 2011 773 2064 falso
798 2011 974 2075 conclusisse;
998 2029 1086 2081 neque
1102 2015 1192 2083 magis
1208 2016 1344 2084 probatur

168 2095 225 2149 eius
243 2095 373 2163 suspicio,
398 2095 489 2150 locum
511 2097 588 2151 velut
605 2097 658 2152 vol.
678 2097 710 2151 V.
728 2114 753 2165 p.
773 2097 823 2149 465
842 2096 887 2151 W.
907 2113 940 2150 ex
957 2097 1068 2165 Apsinis
1088 2098 1296 2154 Commentariis
1313 2101 1343 2154 in

167 2181 358 2235 Demosthenis
376 2181 514 2236 orationes
531 2180 648 2236 fluxisse.
684 2181 759 2246 Quae
776 2182 924 2250 posthaec
943 2181 1047 2236 Balrius
1066 2184 1184 2248 disserit,
1202 2201 1263 2240 cum
1280 2201 1342 2240 con-

167 2266 273 2320 iectura
289 2283 351 2320 mea
369 2268 531 2335 congruunt.

236 2353 280 2423 32)
298 2354 331 2407 cf.
343 2354 462 2408 Demetr.
480 2353 514 2407 de
532 2353 598 2408 eloe.
619 2354 642 2406 l.
660 2370 687 2422 p.
707 2354 748 2410 91.
768 2353 810 2409 ed.
823 2353 945 2421 Goeller3
964 2354 1128 2421 Volkmann,
1145 2355 1280 2410 Rhetorik
1291 2356 1340 2411 der

168 2441 212 2493 Gr.
230 2457 255 2493 u.
274 2439 307 2491 R..
328 2440 350 2493 l.
369 2438 439 2492 Aufl.
458 2456 485 2508 p.
504 2439 573 2492 332·

235 2526 279 2594 33)
296 2524 384 2578 Walz.
402 2525 456 2579 vol.
477 2523 523 2580 lX.
542 2541 569 2592 p.
589 2523 638 2576 100
656 2525 684 2577 et
701 2523 769 2591 prol.
787 2541 814 2593 p.
832 2526 858 2576 4.

234 2613 278 2681 34)
296 2611 384 2664 Walz.
402 2609 455 2664 vol.
474 2608 520 2663 IX.
539 2627 567 2676 p.
587 2608 644 2673 100,
663 2609 712 2663 ubi
730 2609 874 2664 annotatio
892 2608 1051 2663 Schneideri
1070 2611 1119 2664 est.

235 2698 279 2767 35)
297 2695 411 2760 Quintil.
429 2694 464 2748 11.
485 2693 534 2747 112
541 2715 548 2757 ;
564 2693 612 2749 ΠΙ.
633 2694 655 2747 1.
676 2695 716 2750 18.

234 2784 278 2852 36)
296 2782 363 2835 Bak.
380 2781 450 2850 prol.
468 2797 495 2849 p.
516 2779 555 2833 11.

233 2870 278 2937 37)
296 2865 384 2920 Walz.
402 2865 487 2919 Index
505 2865 607 2919 Rerum
624 2868 652 2919 et
668 2866 819 2920 Arctorum
837 2883 856 2921 s.
875 2882 900 2918 v.
918 2863 1099 2919 Minucianus.

232 2953 328 3023 88)cf.
347 2953 466 3007 Demetr
483 2952 547 3021 περὶ
565 2951 644 3020 ἑρμη.
679 2949 925 3020 Ἐσχηματισμένα
946 2950 1096 3006 laudantur
1114 2952 1203 3014 Walz,
1221 2954 1273 3008 vol.
1291 2953 1338 3008 VI.

163 3059 189 3110 p.
210 3041 272 3094 197:
292 3044 375 3090 ταῦτα
391 3036 427 3089 δὲ
444 3056 476 3090 τα
472 3035 725 3174 ἑρχηματισμένα
742 3034 897 3103 ε’τρσῖνωσεν
915 3035 1030 3103 Ἀψίνης
1048 3038 1063 3087 ὁ
1080 3037 1229 3106 Γαδαρεύς.

232 3123 363 3193 3.e)Bak
380 3122 450 3190 prol.
467 3121 547 3191 p.l2

231 3212 276 3280 40)
294 3211 328 3265 cf.
347 3210 380 3263 V.
399 3227 426 3278 p.
443 3208 494 3261 465
511 3207 565 3272 W.‚
584 3207 634 3260 ubi
647 3208 683 3261 ab
702 3208 797 3262 eodem
814 3206 964 3263 scholiasta
981 3211 1131 3264 memorato
1142 3209 1274 3264 orationis
1286 3209 1338 3263 Mi-

164 3298 262 3350 dianae
272 3294 394 3362 exemplo
407 3294 475 3347 haec
490 3292 630 3347 dicuntur.
649 3292 740 3345 τάττει
756 3292 792 3345 δὲ
808 3293 885 3346 τοῦτο
892 3294 1010 3362 Αψίνης
1022 3293 1094 3362 μετα
1107 3311 1161 3345 ταν
1176 3295 1338 3364 σχημάτων.

231 3384 274 3451 41)
293 3382 327 3436 ct'.
346 3381 510 3449 Volkmann,
528 3379 610 3434 Rhet.
628 3379 680 3434 etc.
697 3395 725 3447 p.
743 3379 800 3434 399.
830 3380 874 3433 Ab
890 3379 993 3448 Apsine
1011 3378 1121 3447 ζήτημα
1137 3381 1210 3436 idem
1228 3382 1337 3438 intelle·

163 3469 239 3538 gitur
256 3469 340 3534 atque
356 3463 463 3534 μελέτη.

230 3562 274 3631 42)
292 3561 352 3615 Huc
369 3559 454 3615 etiam
469 3559 605 3614 referendi
622 3562 686 3613 sunt
704 3558 757 3613 loci
774 3558 818 3612 hi:
837 3559 902 3629 Aps.
921 3577 948 3628 p.
966 3560 1024 3614 864.
1043 3561 1089 3616 30·
1112 3564 1266 3634 διαφόρους
1272 3565 1338 3664 γαρ
1439 3620 1441 3627 Α

161 3647 229 3714 πρὸς
253 3647 383 3715 ἑκατέραν
407 3643 564 3714 ἠνέγκαμεν
581 3644 686 3709 ducere,
711 3646 739 3698 et
756 3643 865 3699 srattim.
888 3645 966 3696 τοῦτο
983 3643 1034 3696 cdx
1051 3664 1088 3696 αν
1104 3645 1228 3718 εἴπομεν,
1252 3645 1279 3700 εἰ
1295 3649 1336 3718 μή

161 3817 318 3885 παρέστησα
337 3815 428 3886 ἕτερον
445 3812 547 3885 τρόπον
563 3814 668 3883 βελτίω,
687 3815 731 3868 cui
748 3813 859 3884 egregie
877 3817 945 3883 apto
927 3817 991 3870 etur
1007 3815 1078 3869 illud
1093 3818 1270 3887 exemplum
1262 3834 1337 3873 mea

161 3908 221 3958 arte
238 3902 448 3956 usitatissimum
465 3919 492 3970 p.
511 3901 569 3955 351.
590 3901 635 3963 13;
654 3900 712 3955 355.
731 3901 772 3956 23.
808 3901 924 3969 Atque
916 3916 975 3970 rpse
993 3900 1139 3955 confitetur
1156 3918 1185 3956 se
1202 3901 1272 3956 talia
1284 3902 1334 3955 fin-

160 3990 230 4044 xisse
247 4009 274 4058 p.
293 3989 351 4042 364.
372 3989 415 4040 ll:
442 3985 500 4038 ἔστι
521 3983 576 4055 μὲν
599 3985 646 4037 καὶ
663 3985 736 4055 nuper*
754 3990 810 4045 τοῖς
827 3986 953 4056 ἄρχαίοις
976 3989 1199 4057 παραδείγματα,
1225 3985 1337 4041 ἔστιδὲ

160 4075 205 4126 καὶ
223 4074 285 4141 παρ’
302 4075 373 4141 ἡμῖν
390 4074 427 4130 ὥς
444 4066 475 4124 ἐν
492 4069 589 4142 ἐκείνῳ
606 4072 643 4143 τῷ
661 4072 803 4141 ζητήματι.

228 4168 273 4235 43)
291 4166 324 4220 cf.
344 4166 404 4220 ibid
421 4165 442 4220 I.
460 4167 503 4220 51.

227 4261 272 4330 44)
290 4260 334 4315 Sic
357 4259 469 4314 exhibet
493 4260 578 4314 codex
595 4260 735 4314 Parisinus
753 4262 790 4326 A,
819 4278 899 4329 quem
924 4260 1045 4316 omnium
1068 4260 1335 4330 praestantissimum

160 4363 217 4400 esse
234 4344 307 4398 infra
325 4346 479 4411 ostendam,
499 4344 533 4399 cf.
551 4345 620 4399 Bak.
637 4346 703 4414 Aps.
722 4348 773 4401 etc.
790 4362 817 4414 p.
837 4346 861 4400 1.

227 4441 272 4508 45)
289 4440 398 4494 Miinch.
417 4441 533 4509 gelehrt.
553 4441 618 4496 Ana.
639 4441 705 4496 1887
723 4460 764 4496 nr.
784 4442 815 4495 17
833 4457 860 4508 p.
874 4439 923 4495 139
941 4455 997 4508 seq.
1009 4440 1044 4494 cf.
1055 4437 1251 4495 Schneidewin.
1265 4437 1334 4495 Mus.

160 4526 247 4579 Rhcn.
268 4525 333 4579 1847
351 4543 378 4595 p.
398 4525 456 4581 254.

1095 4609 1128 4664 31
