3000 5108
685 488 703 545 9

10 710 19 727 -·
105 698 257 757 quaeram,
280 677 387 754 quippe
409 696 474 735 cum
497 695 562 734 eum
582 675 812 763 memoraverim,
837 674 1284 752 quodciusfamaatquegloria

104 782 141 841 in
162 783 217 840 hac
238 780 310 839 urbe
331 779 404 838 artis
425 780 512 838 ludus
535 779 662 837 effloruit
683 779 801 854 eiusque
817 779 886 838 libri
902 797 1110 854 nonmmquam
1125 776 1161 834 ab
1173 775 1284 850 Apsine

105 876 322 957 muemmrfli)
366 883 452 941 Hunc
481 884 579 940 autem
600 881 746 941 rhetorem
768 882 880 957 excepit
902 880 1071 956 Smyrnensi
1091 879 1123 938 in
1146 871 1284 937 cathedre

107 987 281 1049 Heraclides
302 985 430 1062 Lycius,
462 985 512 1060 qui
542 985 806 1045 machinationibus
832 984 982 1059 Apollonii
1003 982 1210 1042 Naucratensis
1231 982 1284 1039 ed-

10 1148 13 1155 .
107 1089 233 1153 vacarii
255 1089 300 1149 sui
323 1089 358 1147 de
380 1089 519 1147 cathedra
540 1088 712 1148 Atheniensi
734 1089 862 1148 deiectus
884 1087 915 1144 in
938 1104 1010 1156 eam,
1034 1105 1119 1162 quam
1142 1085 1211 1156 dini,
1234 1102 1284 1141 ur-

107 1194 178 1253 bem
200 1190 385 1268 demigravit,
407 1190 459 1249 ubi
481 1209 595 1249 summa
617 1209 683 1250 eum
704 1193 789 1251 laude
811 1194 905 1250 artem
928 1190 1072 1264 professus
1090 1205 1197 1264 magna
1211 1186 1284 1244 cole·

106 1296 198 1355 batur
220 1295 298 1355 inter
320 1294 454 1370 aequales
475 1293 696 1354 existimatione.
704 1289 742 1370 ²⁵)
787 1295 882 1355 Huius
910 1292 1003 1369 igitur
1032 1292 1090 1350 viri
1117 1291 1204 1349 fama·
1218 1308 1285 1348 cum

10 1454 15 1463 .
107 1400 175 1459 toa
195 1397 267 1457 Asia
289 1397 493 1467 celebraretur,
518 1415 585 1455 cum
606 1397 695 1456 multi
716 1397 766 1456 alii
788 1397 993 1468 adolescentes,
1024 1400 1089 1456 tum
1111 1397 1201 1454 etiam
1223 1397 1284 1470 Ap-

108 1500 200 1588 eiros,
231 1503 266 1559 ut
294 1517 362 1559 usus
382 1498 432 1558 ille
453 1519 487 1559 ao
512 1501 588 1560 ratio
617 1501 746 1559 ffisoendi
767 1500 950 1574 postulabat,
981 1500 1106 1562 Gaderis
1129 1499 1285 1575 Smyrnam

10 1612 13 1617 '
47 1598 52 1605 ’
109 1604 258 1679 profectus
280 1605 331 1662 est.
377 1602 462 1672 Quae¹
478 1605 656 1663 consuetudo
688 1623 774 1680 qaam
796 1605 931 1680 frequens
953 1603 1012 1662 illis
1035 1601 1217 1676 temporibus
1238 1601 1252 1658 f
1273 1632 1285 1643 -

23 1708 30 1715 “
110 1705 182 1776 erit,
212 1707 334 1781 apparet
355 1722 391 1764 en
412 1705 550 1768 Philostr.
574 1726 602 1765 v.
625 1725 646 1765 s.
670 1707 708 1765 Π.
733 1708 788 1766 261
822 1698 1036 1787 redomabis
1059 1691 1117 1764 οὖν
1140 1694 1284 1784 Ἰωνικήν

109 1822 146 1867 τε
158 1797 343 1868 καὶΔίδιον
355 1804 409 1868 καὶ
426 1803 485 1890 τήν
502 1800 537 1867 οἰι
555 1807 689 1886 Φρυγῶν
711 1805 765 1869 καὶ
777 1808 895 1888 Καρίας
909 1805 1101 1887 ξυνδραμεῖυ
1117 1796 1149 1874 ἒς
1158 1801 1286 1866 Ἰωνίαν

18 1974 34 1995 Ι,
110 1903 190 1969 nard
208 1907 382 1980 ξυνουσίαν
402 1903 536 1992 τάνδρός
553 1904 809 1993 (Ηρακλείδουγ
829 1947 869 1955 -
889 1906 907 1971 ὁ
925 1905 960 1972 δὲ
976 1897 1031 1992 ἥγε
1047 1904 1108 1988 μὲν
1126 1908 1182 1968 καί
1198 1901 1233 1967 τὸ
1250 1903 1285 1967 ἐκ

12 2024 26 2051 ·-
109 2014 167 2095 τῆς
178 2004 338 2097 Εὐρώπης
348 2005 548 2098 Ἑλληνικόν,
561 2001 616 2097 ἦγε
631 2008 667 2075 δὲ
682 2007 754 2083 τούς
769 2007 804 2075 ἐκ
821 2017 876 2097 τῆς
890 2008 967 2094 ἑῴας
979 2013 1078 2088 νέους,
1095 2005 1236 2082 πολλοὺς
1251 2005 1286 2073 δὲ

10 2098 18 2175 ῗ
108 2104 187 2201 ἦγεν
203 2109 385 2192 Αἰγυπτίων
408 2113 465 2178 οὐκ
488 2110 642 2199 ἀνηκόους
660 2113 759 2179 αὐτοῦ
778 2113 878 2186 ὄντας.
911 2118 988 2188 Quid
1001 2122 1099 2176 autem
1116 2116 1285 2176 Heraclides

109 2219 277 2296 scripserit,
308 2239 366 2279 non
394 2220 465 2279 satis
496 2224 618 2280 constat.
663 2221 857 2281 Philostratus
880 2222 998 2298 quidem
1019 2240 1084 2280 eum
1106 2220 1286 2295 praestitisse

31 2360 34 2365 -
111 2325 257 2382 memorat
278 2322 364 2380 rebus
386 2322 557 2397 sophisticis,
581 2342 648 2383 oum
669 2324 841 2384 inveniendo
864 2330 894 2386 et
915 2325 1074 2401 eloquendo
1092 2323 1217 2383 multum
1236 2339 1286 2380 va-

110 2426 188 2485 leret
208 2427 238 2484 et
259 2424 290 2482 in
311 2424 442 2483 iudiciali
463 2443 567 2503 genere
588 2427 709 2502 simplex
723 2431 798 2488 esset
813 2447 866 2488 neo
884 2429 916 2487 in
930 2428 1044 2506 generis
1062 2424 1287 2485 demonstrativi

112 2527 267 2589 sententiis
287 2528 481 2602 exprimendis
504 2529 634 2589 tumidus
656 2531 696 2604 (v.
719 2550 740 2591 a.
763 2534 802 2592 ΙΙ.
825 2531 888 2607 26).

200 2630 334 2690 Ceterum
356 2630 525 2690 Heraclides
555 2633 634 2691 haud
664 2633 790 2693 multum
812 2633 999 2694 commovisse
1032 2631 1147 2691 videtur
1169 2629 1288 2704 Apsinis

10 2796 13 2805 ,
112 2732 264 2802 animum;
287 2730 395 2790 etenim
418 2732 443 2792 si
465 2750 499 2792 ex
521 2734 628 2794 Suidae
650 2722 716 2794 εἶτα
739 2737 926 2796 collocatione
947 2740 1025 2795 recte
1047 2733 1198 2803 concludo,
1222 2749 1288 2789 oum

111 2838 182 2911 post
201 2835 390 2895 Nicomediae
419 2837 496 2910 apud
517 2836 676 2896 Basilicum
702 2839 848 2898 rhetorem
870 2840 902 2898 in
923 2839 1016 2898 literis
1037 2840 1185 2897 versatum
1207 2852 1286 2892 aeeo-

111 2938 228 3015 pimus3
251 2938 299 2997 cui
320 2956 386 2997 cum
408 2939 587 3012 praeclaram
611 2941 728 3001 deberet
747 2943 940 3002 eruditionem
959 2962 993 3002 ac
1009 2941 1182 3010 doctrinam,
1205 2940 1290 2997 1111111

112 3042 226 3118 pietate
237 3042 473 3117 persequebatur,
496 3044 540 3112 ut,
563 3060 627 3101 eum
639 3045 769 3105 rhetores
780 3045 811 3103 in
823 3049 887 3105 arte
899 3045 1027 3105 oratoria
1037 3062 1096 3102 non
1112 3041 1287 3112 nominaret,

113 3162 184 3203 amu
199 3148 414 3220 nuumpraeter
426 3143 588 3221 Aristidem
609 3146 742 3208 laudaret
764 3148 883 3224 eiusque
904 3148 1048 3207 rationem
1070 3164 1099 3205 se
1122 3148 1289 3205 secuturum

114 3246 303 3321 profiteretur
324 3249 407 3321 (Aps.
428 3267 457 3322 p.
483 3249 554 3307 331.
580 3251 597 3309 7
621 3250 767 3326 Spengel).
803 3252 841 3310 Et
864 3251 896 3309 id
918 3249 1033 3325 quidem
1059 3253 1147 3311 recte.
1181 3250 1291 3324 Magne

114 3350 195 3409 enim
223 3353 287 3410 erat
307 3349 368 3408 eius
389 3349 540 3409 doetrinae
561 3352 626 3410 laus
655 3353 731 3427 apud
753 3354 941 3428 posteriores,
975 3353 1007 3411 id
1030 3352 1107 3428 quod
1128 3352 1290 3428 perspicere

112 3451 187 3513 'hcet
208 3471 242 3511 cx
262 3451 363 3512 multis
384 3452 464 3524 loeis,
487 3454 593 3529 quibus
615 3454 756 3515 Basilicus
778 3457 925 3528 laudatur,
949 3458 1032 3517 velut
1044 3456 1138 3516 Waln.
1150 3456 1208 3516 vol.
1221 3454 1290 3514 VII.

115 3574 146 3631 p.
171 3556 277 3615 10241.
290 3547 423 3614 πάντων
443 3549 504 3633 μὲν
526 3551 658 3634 ἄμεινον
681 3554 735 3617 καὶ
757 3550 950 3619 τελεώτατον
971 3552 989 3617 ὁ
1007 3551 1187 3636 φιλόσοφος
1209 3553 1292 3638 Ἀρι-

116 3652 263 3739 στοτέλης
283 3655 483 3737 παραδίδωσι
504 3654 542 3718 τοὶ
564 3657 641 3742 περὶ
656 3653 766 3722 τόπων
778 3653 814 3722 ἓν
829 3665 895 3730 τοῖς
912 3655 1009 3731 οὕτως
1026 3654 1292 3741 ἐπιγραφομένοις

115 3762 262 3828 τοπικοῖς
288 3755 437 3840 βιβλίοις,
467 3757 521 3820 καὶ
551 3757 780 3833 Βασιλικὸς
808 3759 843 3825 δὲ
866 3759 884 3824 ὁ
905 3760 1062 3848 σοφιστής
1084 3758 1119 3826 ἐν
1140 3766 1184 3846 τῷ
1214 3762 1292 3846 περὶ

117 3856 227 3925 τόπων
256 3856 450 3947 μονοβιβλίῳ
481 3858 612 3936 τούτους
642 3885 677 3927 τε
707 3863 939 3949 αἷπαριθγιεῐται
969 3863 1043 3937 τούς
1074 3861 1209 3941 τόπους,
1239 3865 1292 3928 καὶ

117 3960 232 4036 ἄλλους
242 3962 326 4045 ἀμφὶ
342 3961 417 4036 τούς
429 3962 540 4046 εἴκοσι,
557 3963 591 4030 δί
607 3953 651 4029 ὧν
665 3963 866 4049 πλατύτερον
880 3973 944 4032 τῶν
959 3966 1152 4052 πραγμάτων
1172 3955 1241 4032 οἷόν
1259 3988 1292 4031 τε

118 4068 288 4161 ττοιείσθαι
310 4064 364 4139 τοῖς
385 4063 539 4152 ἐργασίας,
563 4075 601 4135 ef.
618 4074 684 4134 VH.
710 4076 780 4136 878.
805 4076 876 4137 931.
900 4109 940 4118 -
962 4076 1064 4152 Neque
1077 4093 1147 4134 vero
1161 4074 1291 4150 deerant,

119 4174 171 4249 qui
200 4174 444 4249 reprehenderent
465 4176 584 4235 Basilici
613 4179 643 4236 et
665 4176 780 4236 dicendi
801 4195 891 4254 genus
914 4178 991 4251 (VH.
1015 4180 1089 4252 878)
1110 4181 1140 4236 et
1162 4177 1292 4235 animum

119 4293 261 4334 novarum
288 4294 386 4335 rerum
413 4279 574 4338 studiosum
596 4279 661 4353 (IV.
686 4281 768 4355 747).
816 4280 897 4350 Quod
928 4283 1027 4339 autem
1048 4280 1174 4355 Apsines
1196 4280 1289 4355 magi-

119 4379 214 4435 strum
235 4376 330 4439 θοίον
351 4381 518 4459 appellavit,
542 4382 630 4441 etiam
644 4384 699 4443 hoo
717 4383 857 4460 sequitur,
881 4386 924 4452 ut,
948 4401 1014 4442 cum
1029 4402 1114 4442 nemo
1131 4384 1188 4442 nisi
1205 4384 1292 4442 homo
