3000 5108
184 718 187 723 .
227 670 347 745 patrem
369 662 504 729 Onasimi
525 668 678 744 sophistae,
702 668 752 745 qui
773 669 835 744 ipse
857 668 946 728 fuerit
967 673 1052 743 pater
1074 668 1156 729 tertii
1168 669 1288 743 Apsinis
1310 670 1406 744 sophi·

228 772 305 830 stae.
348 771 392 829 De
413 771 467 830 hoc
489 774 589 830 autem
612 771 748 831 Onasimo
771 770 874 830 Snidas
896 772 990 831 tradit
1012 776 1045 845 (s.
1068 775 1127 846 v.):
1150 761 1320 848 ’θνάσιμας
1342 763 1404 831 [sd-
1471 778 1490 857 ᾗ

228 890 329 952 πριας
348 866 370 953 ἢ
390 864 602 955 Σπαρτιάτης,
628 865 788 952 ἱστορικός
808 871 861 934 καὶ
883 867 1049 956 σοφιστής,
1072 874 1136 932 τῶν
1158 864 1214 933 ἐπὶ
1237 874 1405 934 Kersouno-

229 974 323 1037 voco
336 969 525 1053 γενομένων,
540 966 662 1057 ἔγραψε
673 966 816 1036 στάσεων
828 975 1003 1055 διαιρέσεις,
1019 975 1133 1059 τέχνην
1144 971 1308 1060 δικανικὴν
1323 972 1406 1059 πρός
1471 958 1480 1043 f
1490 974 1498 989 ²

126 1160 129 1165 Ι
171 1110 174 1117 ·
223 1074 379 1162 -Ἀψννην,
403 1076 480 1160 περὶ
495 1075 714 1161 α’ντιρρητικῆς
727 1075 846 1161 τέχνης,
862 1072 1144 1158 πραγαμνὰσματα,
1157 1077 1297 1158 μελέτας,
1312 1074 1404 1156 irari-

134 1216 165 1243 .·
227 1200 288 1263 μιν
309 1180 362 1244 καὶ
390 1174 470 1243 ἄλλα
497 1175 643 1242 πλεῖστα.
686 1183 716 1241 Is
737 1184 851 1254 autem,
884 1183 930 1240 cui
953 1183 1105 1244 Onesimus
1127 1164 1221 1244 artem
1245 1184 1404 1256 dedicavit,

124 1310 138 1343 ι.
229 1284 348 1345 videtur
368 1302 429 1344 esse
446 1283 550 1343 tectim
564 1283 613 1342 ille
629 1284 762 1359 Apsines,
785 1304 871 1361 quem
887 1285 996 1345 Suidas
1018 1285 1091 1346 dicit
1111 1286 1204 1344 filium
1225 1287 1314 1346 fnisse
1328 1288 1404 1348 Ona-
1463 1358 1468 1369 Ι

229 1385 298 1445 simi
317 1385 464 1461 sophistae
486 1386 672 1446 Atheniensis
695 1387 852 1463 ipsumque
879 1388 1055 1464 sophistam,
1087 1391 1137 1449 sed
1160 1390 1320 1452 Gadarensi
1352 1391 1404 1451 illo

229 1491 305 1549 natu
324 1489 476 1549 minorem.
520 1490 622 1549 Patres
643 1492 743 1549 antem
764 1507 847 1565 saepe
868 1490 900 1550 in
921 1490 1048 1550 filiorum
1070 1511 1156 1550 usum
1179 1492 1294 1552 libellos
1326 1511 1404 1551 ccm-

142 1636 145 1641 .
229 1592 358 1668 posuisse
379 1590 493 1652 scimus.
519 1626 557 1639 —-
580 1591 689 1663 Quodsi
712 1591 843 1654 Onesimi
864 1592 957 1668 patris
987 1596 1126 1669 aetatem,
1160 1596 1275 1670 quando
1305 1595 1403 1667 fuerit,

124 1688 145 1747 f·
230 1694 488 1768 considerabimus,
510 1696 615 1755 deinde
636 1698 751 1770 patrem
774 1695 835 1754 eius
855 1695 914 1754 dici
931 1696 1150 1756 meminerimus
1160 1697 1299 1772 Apsinem
1311 1698 1403 1757 Athe-

229 1796 369 1867 niensem,
393 1797 464 1873 qnid
485 1798 606 1856 tandem
627 1798 694 1868 erit,
719 1800 795 1874 quod
817 1802 952 1874 putemus
974 1797 1180 1858 Atheniensem
1202 1797 1285 1855 illum
1308 1797 1403 1857 diver-

124 1880 135 1953 f'
230 1918 296 1959 sum
317 1918 378 1961 esse
399 1896 436 1960 ab
449 1900 559 1977 Apsine
576 1900 747 1972 Gadarensi,
771 1901 820 1977 qui
832 1899 957 1962 Gadsris
978 1899 1089 1960 relictis
1109 1899 1243 1960 floruerit
1256 1899 1403 1960 Athenis?

124 2012 133 2065 1':
229 2000 304 2062 Inde
324 2002 411 2063 duxit
436 2001 588 2063 nominum
615 2003 784 2077 diversitas,
816 2006 849 2062 ut
872 2001 977 2063 Suidas
998 2004 1137 2076 referret,
1167 2002 1257 2063 fuisse
1278 1997 1403 2077 Apsines

127 2172 132 2177 ,
229 2105 303 2165 duos
323 2108 354 2166 et
375 2106 575 2167 Gadarensem
604 2109 634 2165 et
655 2106 876 2177 Atheniensem
910 2105 942 2164 id
970 2107 1047 2182 quod
1078 2104 1166 2166 etiam
1195 2125 1228 2165 ec
1257 2106 1401 2176 firmatur,

230 2210 309 2284 quod
321 2209 499 2270 Graecorum
520 2211 592 2281 erat,
615 2210 769 2285 nepotibus
790 2211 889 2270 indere
904 2209 1024 2268 nomina
1042 2225 1173 2267 avorum.
1209 2208 1402 2268 Philostratus

231 2309 344 2383 deinde,
368 2311 419 2388 qui
440 2315 606 2387 susceperat
626 2313 778 2373 rhetorum
799 2315 868 2372 ants
889 2329 970 2371 suam
981 2313 1107 2370 aetatem
1118 2329 1213 2370 mores
1229 2310 1401 2383 describere,

230 2430 284 2473 cur
310 2413 451 2489 Apsinem
479 2415 703 2488 Atheniensem,
737 2416 814 2475 sire
835 2433 906 2475 vera
932 2414 1047 2485 fuisset,
1079 2413 1195 2473 silentio
1225 2413 1402 2473 transiturus

229 2517 334 2588 fuerit,
362 2518 471 2578 mirum
493 2522 545 2579 est.
591 2520 666 2578 Tum
696 2518 801 2593 quibus
829 2517 912 2576 annis
934 2518 1059 2592 Apsines
1081 2516 1267 2577 Atheniensis
1295 2515 1401 2574 vixerit

229 2619 360 2696 quidque
382 2621 540 2696 scripserit,
562 2623 672 2681 frustra
692 2622 773 2696 apud
792 2621 915 2681 Suidam
938 2639 1066 2696 quaeras.
1110 2621 1213 2696 Neque
1234 2619 1327 2695 magis
1348 2637 1401 2677 cnr

229 2720 344 2792 Snidas,
367 2740 434 2780 omn
455 2723 596 2797 Apsinem
617 2725 695 2799 apud
717 2724 790 2783 alios
811 2723 956 2798 sophistas
978 2721 1152 2793 laudaverit,
1174 2740 1324 2796 nunquam
1338 2721 1400 2796 Ap·

125 2840 129 2851 ·
227 2822 320 2883 sinam
343 2824 566 2901 Atheniensem,
594 2827 645 2885 sed
672 2828 724 2885 aut
744 2825 884 2901 Apsiuem
907 2827 1105 2887 Gadarensem
1126 2828 1178 2884 aut
1200 2823 1316 2883 omnino
1339 2825 1400 2899 Ap·
1440 2848 1448 2861 ·

227 2927 321 2989 sinem
342 2928 553 3000 nominaverit,
585 2929 719 3006 intellegi
739 2930 843 3004 potest.
888 2928 1023 3001 Accedit,
1057 2929 1135 3004 quod
1156 2927 1233 2987 idem
1256 2944 1274 2985 a
1295 2927 1400 2986 scholi·

226 3031 300 3091 astis
330 3032 393 3091 fieri
414 3032 547 3091 videmus
568 3032 650 3092 velut
672 3033 763 3093 Walz.
787 3031 844 3091 vol.
866 3032 910 3090 IV
934 3030 994 3092 302
1017 3050 1062 3089 m:
1093 3022 1163 3090 ἔστι
1184 3022 1219 3088 δὲ
1240 3021 1399 3110 πρακαταῖ·

228 3150 341 3204 στασις
367 3129 429 3215 μὲν
449 3127 540 3211 λόγος
562 3125 597 3194 ἒν
618 3133 735 3214 βραχεῖ
751 3127 791 3192 ταὶ
813 3123 847 3193 ἔν
869 3132 909 3213 τῇ
930 3123 1121 3192 καταστάσει
1141 3122 1271 3214 μανύων
1293 3148 1399 3212 περιι-

227 3230 359 3317 χόμινα,
380 3232 421 3308 αἱς
442 3234 495 3298 καὶ
506 3233 667 3319 Ἀψίνης
688 3232 790 3318 φησιν
812 3226 847 3296 ἒν
861 3237 899 3316 τῇ
910 3233 987 3315 περὶ
1000 3234 1063 3296 τῶν
1078 3235 1184 3315 μερῶν
1200 3234 1259 3295 τοῦ
1277 3230 1400 3295 πολιτι-

227 3340 289 3401 κοῦ
309 3330 406 3418 λόγον
426 3338 530 3423 τέχνῃ,
554 3332 670 3418 ἔφοδος
690 3332 772 3419 πρὸς
792 3331 847 3407 τας
868 3334 1057 3408 ἀποδείξεις.
1099 3337 1231 3397 Pertinet
1254 3338 1331 3397 enim
1353 3339 1399 3397 hic

226 3443 308 3503 locus
329 3445 368 3503 ad
391 3442 509 3518 Apsinis
531 3443 707 3504 Gadarensis
734 3445 827 3502 artem
853 3441 1031 3501 rhetoricam
1052 3461 1080 3516 p.
1105 3443 1175 3502 348.
1202 3440 1239 3500 12
1263 3440 1398 3517 Spengel.

229 3576 270 3589 -
292 3544 375 3615 Quod
402 3563 471 3605 vero
495 3545 663 3616 Onesimus,
693 3545 772 3605 filius
793 3545 912 3620 Apsinis
934 3543 1109 3606 Gadarensis
1138 3544 1183 3602 vel
1204 3545 1398 3616 Atheniensis,

227 3664 315 3723 quem
342 3667 433 3706 unum
463 3647 551 3707 fuisso
582 3644 706 3721 conieci,
738 3647 890 3709 dicebatur
918 3648 1041 3725 Cyprius
1068 3647 1116 3706 vel
1143 3648 1398 3720 Lacedaemonius,

226 3748 296 3809 inde
316 3750 434 3811 videtur
455 3751 566 3810 factum
588 3769 657 3822 esse,
681 3751 767 3827 quod,
791 3769 855 3809 cum
879 3751 953 3811 esset
974 3748 1138 3821 historicus,
1160 3769 1206 3809 res
1228 3750 1399 3828 Cypriorum

226 3852 276 3911 vel
296 3852 590 3913 Lacedaemoniorum
620 3853 772 3928 descripsit
802 3855 852 3912 aut
880 3854 1003 3912 fortasse
1025 3852 1068 3911 ibi
1089 3871 1141 3928 per
1171 3853 1279 3913 multos
1309 3871 1398 3913 amics

227 3957 361 4015 versatus
383 3958 427 4016 est
448 3955 591 4017 invitatus
612 3975 630 4016 a
651 3956 801 4031 discipulis
821 3955 924 4031 patris,
949 3974 1020 4031 quos
1040 3955 1124 4014 illum
1146 3975 1180 4014 ex
1198 3956 1399 4016 remotissimis

226 4056 343 4132 imperii
363 4058 489 4118 Romani
510 4059 680 4136 regionibns
700 4059 835 4119 habuisse
855 4059 933 4119 infra
954 4076 1103 4133 exponam.

313 4162 381 4232 §4-
425 4163 488 4221 Iam
510 4162 634 4237 Apsines
660 4182 727 4222 cum
749 4182 820 4238 puer
841 4162 975 4221 omnibus
998 4161 1148 4222 doctrinae
1180 4163 1332 4221 elementis
1354 4162 1398 4221 in-

227 4261 350 4323 stitutus
370 4266 460 4335 esset,
493 4283 578 4341 quem
601 4268 664 4324 tum
692 4265 840 4325 habebant
869 4264 1064 4325 adolescentes
1092 4285 1177 4324 usum
1206 4265 1397 4340 frequentem,

227 4382 296 4425 eum
316 4370 431 4428 secutus
452 4366 483 4426 in
503 4371 599 4428 artem
619 4368 796 4429 rhetoricam
817 4367 952 4428 incubuit
980 4369 1043 4440 vel,
1073 4367 1104 4425 id
1126 4369 1202 4445 quod
1225 4371 1289 4427 tum
1311 4367 1397 4431 dicti-
